4130 5642
1037 572 1232 692 A

347 808 584 884 narrationem
617 808 662 881 de
695 807 857 882 barbaris
890 808 1048 883 moribus
1083 812 1232 885 Achillis
1268 817 1304 884 et
1339 809 1554 886 habitatione
1582 811 1747 908 Scythica
1786 823 1923 913 repetat

347 937 393 1010 ab
416 936 562 1010 Anniani
586 935 680 1031 fide,
707 935 880 1028 Ἀρριανὸς
903 938 968 1027 γάρ
990 956 1094 1026 φησιν
1118 940 1154 1008 ἐν
1180 939 1228 1030 τῷ
1252 941 1421 1031 Περίπλῳ.
1476 940 1602 1040 ltaque
1627 939 1731 1016 suere
1754 943 1818 1042 qui
1842 945 1922 1041 ple·

346 1071 431 1146 nius
456 1075 661 1172 exemplum
683 1073 740 1146 illi
764 1071 912 1146 affarissc
936 1072 1135 1148 crederent.
1185 1071 1260 1149 Sed
1285 1075 1366 1174 quis
1390 1074 1557 1172 opinetur
1584 1073 1710 1149 eodem
1735 1075 1775 1148 in
1798 1075 1921 1150 libello

348 1208 544 1282 contrarias
568 1217 605 1282 et
628 1206 770 1282 fabulas
795 1214 831 1280 et
852 1231 994 1282 mortam
1018 1211 1219 1284 notationes
1242 1209 1427 1302 extitisse,
1455 1235 1536 1284 cum
1559 1208 1668 1285 bodie
1691 1210 1922 1308 praeconium

346 1343 497 1417 Achillia
525 1343 858 1443 splendidissimum
892 1345 1057 1445 legumus
1090 1371 1129 1443 p.
1155 1347 1217 1418 23.
1248 1344 1397 1430 Ἀχιλλέα
1412 1349 1491 1434 ’γὰρ
1525 1346 1588 1428 lyci
1621 1351 1791 1432 πείθομαι
1812 1346 1920 1436 ἐἴπερ

346 1482 433 1547 τινα.
450 1485 507 1546 καὶ
532 1479 635 1550 ἄλλον
666 1477 758 1572 ἥρωα
780 1479 880 1556 «εἶναι
903 1479 995 1566 αλλ
1056 1481 1169 1554 [mum
1201 1479 1332 1554 fefellit
1366 1479 1529 1554 Leonem
1561 1481 1699 1580 specics
1734 1481 1920 1580 scriptoris

346 1605 585 1705 cognominis,
619 1631 660 1680 ao
686 1605 881 1682 liberaliter
907 1605 954 1683 de
979 1631 1045 1681 suo
1073 1606 1257 1706 Periplum
1282 1607 1457 1681 adiunxit.

739 1861 802 1929 3..
827 1858 1054 1947 Periplus
1082 1852 1229 1930 Moris
1262 1857 1530 1946 Erythraei.

443 2033 588 2107 Arriani
618 2059 748 2108 nomen
783 2059 864 2109 omn
896 2035 941 2108 ab
977 2036 1105 2110 vicinia
1139 2035 1332 2134 superioris
1368 2035 1503 2134 Peripli
1537 2033 1701 2129 fluxerit,
1743 2035 1920 2130 Anonymi

346 2175 498 2242 aetatem
525 2175 562 2240 et
585 2167 679 2244 vitae
706 2185 821 2269 genus
859 2175 943 2242 sunt
979 2171 1041 2268 qui
1069 2194 1137 2268 ope
1172 2170 1393 2242 coniecturae
1428 2167 1608 2242 definiant.
1672 2166 1797 2266 Itaque
1826 2166 1921 2240 Vin·

346 2309 470 2376 centus
498 2301 676 2375 hominem
696 2302 1000 2396 Alexandrinum,
1036 2305 1097 2403 qui
1124 2309 1357 2378 mercaturam
1384 2299 1532 2376 Claudio
1557 2299 1715 2399 principe
1746 2325 1826 2372 oum
1854 2299 1919 2373 ln·

347 2435 435 2508 diois
462 2434 627 2534 gentibus
655 2436 873 2528 exercuerit,
901 2435 1072 2534 effingens
1097 2443 1220 2509 nactus
1247 2443 1303 2509 est
1330 2435 1589 2533 astipulatorem
1643 2429 1819 2531 Equidem
1844 2430 1920 2504 Ar·

346 2567 486 2640 rianum
511 2569 620 2642 istum
649 2568 728 2668 quis
755 2567 866 2641 fuerit
892 2576 929 2641 et
955 2567 1051 2642 unde
1087 2576 1209 2661 natue,
1250 2568 1311 2667 qui
1346 2569 1503 2640 murrina
1530 2573 1566 2640 et
1594 2565 1759 2638 sindones
1792 2564 1919 2637 melius

345 2725 453 2800 quam
480 2699 654 2776 Graecam
681 2703 967 2801 compositionem
993 2708 1150 2793 teneret,
1192 2725 1257 2774 neo
1286 2703 1359 2774 scio
1386 2726 1451 2775 neo
1487 2702 1576 2774 scire
1607 2699 1750 2791 laboro,
1779 2698 1919 2796 'quippe

345 2836 408 2934 qui
441 2835 527 2908 satis
558 2834 709 2907 habeam
747 2835 967 2908 intellexisse
1004 2834 1098 2904 hune
1132 2831 1314 2929 Periplum
1351 2856 1423 2902 non
1463 2830 1567 2904 modo
1607 2829 1796 2929 singadaris
1839 2851 1920 2900 esse

346 2965 502 3037 fabricae
529 2966 666 3058 (insum
694 2965 789 3036 enim
816 2973 893 3036 acta
921 2964 1053 3035 diuma
1075 2964 1278 3037 mercatoris
1308 2963 1354 3036 ad
1380 2963 1521 3039 Indicas
1551 2963 1718 3036 stationes
1745 2961 1919 3059 navigan·

347 3096 435 3191 tis),
474 3095 539 3169 sed
567 3097 722 3170 omnium
751 3119 844 3196 quac
880 3096 918 3169 in
945 3118 1092 3193 corpore
1122 3094 1417 3195 Geographorum
1455 3097 1678 3170 condreatur
1712 3095 1919 3193 opuseulum

348 3252 429 3304 esse
457 3228 715 3323 difficillimum,
755 3253 905 3330 eumque
944 3236 1040 3302 tanta
1067 3253 1188 3302 rerum
1222 3229 1392 3304 varietate
1427 3229 1618 3323 refertum,
1655 3238 1695 3300 ut
1720 3225 1919 3300 eruditissi-

346 3389 445 3436 mum
471 3364 536 3436 sibi
564 3369 687 3460 poscat
714 3387 755 3434 ac
782 3363 1318 3459 perpetuumlcor'nmentarium.
1381 3362 1456 3438 Sed
1484 3362 1600 3436 adbuc
1627 3361 1716 3434 nihil
1740 3361 1811 3432 nisi
1839 3385 1919 3432 mo·

347 3497 420 3567 lem
447 3495 647 3593 multipheis
673 3493 833 3567 lectionis
862 3501 897 3566 et
923 3495 1139 3568 adolationis
1167 3521 1276 3594 super
1305 3499 1423 3590 locos,
1457 3497 1618 3588 nomina,
1656 3519 1791 3567 meroes
1818 3517 1920 3566 acce·

347 3627 486 3726 pimus,
521 3652 587 3700 nec
614 3627 764 3702 multum
790 3627 880 3701 iuvit
911 3628 1125 3702 novissimus
1154 3627 1268 3702 editor
1294 3653 1488 3728 paucorum
1515 3627 1735 3730 quorundam
1759 3633 1918 3700 recentes

347 3761 477 3852 libros,
506 3767 547 3832 ut
572 3761 702 3834 Ritteri
722 3757 947 3860 Lassenique
974 3761 1129 3835 breviter
1155 3759 1326 3836 indicans.
1380 3763 1526 3836 Minime
1554 3761 1811 3835 stomachosum
1838 3783 1918 3835 esse

343 3893 470 3986 decet,
497 3892 558 3991 qui
583 3893 669 3966 volit
693 3892 907 3967 collectanea
936 3890 1033 3969 Gaii.
1058 3893 1224 3968 Vincenti
1236 3947 1265 3991 ,θ
1284 3894 1436 3968 hominis
1463 3895 1502 3968 in
1529 3895 1654 3970 litteris
1683 3917 1809 3992 parum
1833 3917 1920 3966 ver·-

349 4027 437 4118 sati,
473 4021 615 4100 verbosi
651 4033 771 4099 tamen
806 4035 842 4100 et
875 4027 942 4102 sibi
970 4029 1113 4100 minime
1148 4026 1358 4121 diffidentis,
1398 4028 1516 4127 copias
1552 4029 1590 4102 in
1627 4051 1732 4100 usum
1767 4034 1918 4100 vertere.

349 4159 429 4234 lluc
455 4159 588 4233 accedit
623 4158 771 4258 insignis
805 4160 983 4259 corruptio
1011 4161 1201 4236 verborum
1229 4159 1468 4253 Graecorum,
1509 4160 1668 4259 inprimis
1696 4160 1918 4261 propriorum

349 4285 466 4382 (velut
489 4311 526 4385 p.
550 4289 586 4361 2.
611 4287 792 4380 ciordoocaq'i
815 4313 881 4388 pro
905 4287 1150 4381 ἀδοαλιτικρῖ),
1173 4315 1281 4390 quam
1301 4291 1383 4390 ipsa
1409 4288 1566 4366 Palatini
1589 4288 1803 4389 subscriptio
1832 4311 1918 4361 oon·

349 4415 519 4514 queritur.
587 4415 642 4488 he
668 4417 807 4490 mireris
845 4415 1024 4490 interdum
1057 4417 1262 4516 patientiam
1293 4416 1491 4511 editorum,
1528 4418 1590 4516 qui
1627 4415 1712 4488 dum
1747 4415 1917 4514 plurimas

350 4548 495 4623 mendas
521 4547 662 4623 sortiter
689 4549 891 4648 expellunt,
935 4550 1025 4624 talos
1050 4549 1268 4649 stribligincs
1284 4551 1530 4648 praetervecti
1560 4550 1629 4622 siut
1656 4557 1697 4620 nt
1723 4573 1759 4646 p.
1787 4552 1847 4643 34,
1878 4551 1915 4621 8.

351 4673 417 4744 sair
441 4680 489 4748 dt.
502 4685 559 4748 ael
589 4679 718 4748 rodana
752 4678 924 4770 ἐμπορίαν
955 4703 993 4750 ae
1025 4685 1080 4749 καὶ
1111 4674 1242 4771 ὅρμων,
1286 4680 1346 4753 vel
1379 4677 1432 4754 ib.
1458 4678 1521 4771 34,
1547 4677 1609 4754 24.
1643 4676 1793 4764 καταντᾷ
1815 4680 1855 4748 τὸ
1880 4677 1916 4746 di
