4130 5642
1035 556 1232 676 ...eL

337 811 423 884 478.
474 808 512 880 ls
535 804 679 880 soboas
703 802 751 882 de
774 802 960 878 miraculis
986 799 1114 874 lodice
1127 799 1185 874 ab
1214 801 1434 874 auctoritate
1451 799 1777 880 Gteslaedlur'risso·
1790 805 1923 898 monet,

337 934 512 1034 exoroplt's
541 933 649 1010 etlam
688 927 901 1029 quibusdam
929 926 1176 1006 demonstrans
1210 925 1470 1024 indictam-peti
1485 942 1627 1026 possa,
1647 931 1806 1030 *aprina
1823 957 1925 1006 coro-

337 1067 468 1143 rnercia
495 1080 531 1141 et
558 1071 783 1140 memetrrrae'
800 1060 1061 1159 aegyptiaca
1090 1068 1126 1136 et
1152 1059 1324 1137 Indorum
1349 1062 1522 1138 illustrari
1549 1069 1708 1164 puesobt
1744 1063 1821 1141 loro
1837 1065 1926 1140 rat-

336 1202 471 1279 ladium
499 1199 668 1278 Galatam
693 1195 830 1272 donn
855 1195 894 1272 in
922 1194 1082 1292 partibus
1109 1193 1267 1293 Aegypti
1295 1193 1445 1271 desertis
1472 1205 1666 1283 rernm.
1690 1195 1740 1268 ad
1757 1199 1926 1296 ¹episcopi

336 1359 465 1411 rannus
511 1339 673 1408 evectum
713 1328 925 1427 perhibent,
964 1326 1190 1425 eundemque
1225 1327 1369 1404 loannis
1404 1329 1650 1425 'Gbryoosdopri
1684 1329 1924 1406 iaroffiuitoto

334 1489 441 1548 usum
469 1491 550 1542 oum
581 1466 664 1540 alio,
689 1463 954 1560 composuisse,
995 1470 1075 1540 turn·
1110 1461 1296 1541 bistoriam
1319 1462 1548 1540 Lamiacum.
1605 1464 1770 1561 Apparet
1804 1473 1924 1538 armo

335 1601 478 1679 moerus
506 1598 716 1674 coniecturis
751 1597 835 1689 niti,
868 1621 961 1695 quoe
989 1595 1149 1694 theologi
1177 1575 1272 1676 hune
1309 1623 1419 1674 rmum
1446 1600 1490 1672 in
1515 1596 1925 1689 Palladium=cumrdarta

337 1737 494 1825 soleam,
523 1757 590 1806 ooo
618 1732 806 1830 qrdequaro
839 1729 1010 1807 affirmari
1036 1753 1143 1827 possc
1172 1738 1427 1829 praeterquam.
1459 1732 1604 1804 ineunte
1619 1731 1787 1807 saeculo·
1802 1732 1925 1829 quinto

335 1868 533 1950 decessisse
559 1865 772 1941 Palladium.
840 1862 962 1938 lluios
989 1863 1099 1962 igitur
1126 1862 1193 1939 sub
1222 1865 1364 1948 nominc
1393 1863 1627 1940 femurlibcr
1660 1864 1838 1954 περὶτῶν
1868 1866 1925 1952 τῆς

331 1997 448 2074 Ἰνδίας
472 1994 587 2067 tenda
610 1999 669 2064 ani
693 1991 762 2062 etio
786 1996 1015 2081 Bpuypou'vcrv,
1054 1993 1113 2066 vel
1136 1991 1258 2090 politis
1279 1993 1446 2073 collectio
1480 1991 1687 2070 fabularum
1718 1991 1771 2066 de*
1795 1999 1926 2083 mura

335 2127 495 2200 locorum
532 2120 736 2201 indicorum
771 2120 958 2196 antonna
990 2143 1074 2198 cum
1106 2111 1367 2197 narrationibus
1404 2118 1449 2194 do
1478 2119 1740 2207 Brocbmaaum
1772 2127 1809 2192 ct
1834 2120 1927 2200 Ale·-

335 2255 467 2336 xandri
493 2255 557 2336 M„
578 2277 788 2352 congressu.
853 2252 991 2352 Nempe
1021 2276 1184 2339 rumores
1220 2250 1266 2328 dc
1296 2251 1681 2350 Gymnosopdristarmn
1714 2277 1755 2327 ac
1783 2252 1926 2328 Brach-

335 2415 482 2482 manum
509 2387 684 2486 sapientia
721 2385 902 2469 fluxerant
938 2385 983 2458 ab
1019 2387 1268 2465 versuasione
1305 2409 1428 2469 rarum
1455 2385 1655 2472 Alexandri
1682 2386 1926 2483 scriptoribuoj

335 2523 541 2599 norinatim
572 2517 773 2595 Onesicrito
814 2520 866 2614 (r.
898 2517 1023 2608 Geieri
1048 2517 1249 2604 Alexandri
1282 2518 1335 2597 M.
1369 2518 1599 2595 historiarum
1631 2519 1823 2616 scriptores
1857 2545 1926 2599 aer·

335 2666 407 2736 tate
436 2679 612 2754 suppares
646 2680 685 2751 p.
711 2657 773 2737 00.
798 2677 876 2750 sqq.
916 2655 1001 2726 379.
1027 2652 1120 2750 sp),
1163 2653 1224 2750 qui
1255 2648 1355 2750 apud
1384 2650 1586 2733 Palladium
1613 2672 1805 2749 perperam
1835 2664 1925 2742 θνη-

336 2795 495 2882 crapulana
531 2816 567 2886 p.
597 2793 658 2860 21.
688 2794 724 2858 ct
753 2787 814 2858 25.
853 2784 986 2854 dietus:
1024 2785 1142 2880 itaque
1170 2785 1350 2879 sophistae
1386 2783 1431 2859 in.
1458 2783 1645 2866 rhetorum
1668 2783 1798 2862 sobolis
1836 2786 1926 2862 nihil

335 2921 513 3016 antiquius
545 2917 705 2986 habuere
736 2937 844 3011 quam
880 2918 920 2980 ut
947 2909 1170 2986 Dantlarnem
1205 2917 1241 2983 et
1271 2908 1443 3023 Calanupn
1471 2907 1790 3008 Gyrnncsophistas
1823 2921 1926 2988 ceto-

336 3025 466 3144 rosque
498 3039 661 3116 eiusdem,
686 3027 892 3138 disciplinae
921 3035 1112 3136 signiferos
1148 3039 1307 3138 pulchris
1339 3039 1522 3112 sententiis
1552 3046 1587 3111 et
1616 3041 1729 3114 omnis
1758 3042 1925 3140 humani-

337 3176 420 3250 tatis
447 3171 604 3245 flosculis
642 3171 833 3255 instructos
861 3149 1057 3239 ornarent(
1105 3167 1171 3240 llis
1209 3165 1334 3242 similis
1363 3152 1426 3241 'est
1459 3167 1612 3242 Palladii
1645 3168 1736 3244 liber
1774 3171 1926 3282 biparti-

335 3313 412 3396 tuS,
457 3303 517 3402 qui
545 3298 685 3400 paginis
714 3295 880 3370 undecim
909 3305 1078 3395 tanquam
1104 3295 1325 3395 praefatione
1356 3324 1444 3397 quos
1474 3323 1636 3376 rumores
1676 3298 1720 3371 de
1759 3301 1925 3400 gentibus

337 3429 371 3508 c‘t
400 3431 548 3504 mirifico
575 3427 700 3524 Indiae
730 3432 906 3524 proventu
933 3426 1154 3523 percepisset
1181 3429 1389 3526 complexus
1421 3434 1494 3524 est,
1529 3429 1704 3526 reliquum
1733 3437 1852 3502 autem
1879 3431 1926 3508 li-

336 3563 392 3633 bri
427 3559 597 3631 ambitum
628 3529 970 3630 confabulationibus
1010 3555 1106 3654 regis
1146 3557 1365 3632 Macedonici
1407 3584 1488 3630 oum
1525 3533 1808 3664 Brachmanibus
1850 3555 1925 3634 sive

337 3693 443 3792 nugis
471 3689 727 3792 loquacissimis
757 3689 958 3763 destinavit.
1022 3688 1148 3789 Itaque
1184 3691 1291 3790 longe
1328 3689 1484 3764 maxima
1513 3701 1615 3790 parte
1653 3687 1757 3766 facile
1784 3717 1926 3774 carere·

337 3849 435 3916 mus,
465 3829 505 3894 ut
534 3847 625 3920 quae
648 3829 837 3894 consuetas
858 3818 1116 3921 disputationes
1136 3822 1321 3895 verbosius
1344 3823 1522 3920 explanet.
1580 3821 1799 3942 Quamquam
1821 3821 1927 3896 etiam

339 3953 501 4052 superior
528 3947 700 4050 particula
737 3949 856 4050 prodit
890 3975 949 4022 res
986 3950 1129 4022 aliunde
1165 3961 1384 4049 comperrtas
1428 3955 1526 4026 velut
1561 3960 1634 4024 tota
1667 3947 1744 4023 sere
1770 3933 1925 4024 namatio

337 4109 374 4180 Ρ.
403 4083 557 4156 7’-10.
593 4077 737 4154 mutatis
767 4083 910 4152 tantum
939 4077 1084 4152 vocibus
1115 4106 1155 4152 ac
1189 4079 1357 4154 menrbris
1394 4083 1546 4154 recurrit
1584 4076 1680 4179 apud
1709 4076 1924 4174 (ἶιιᾶιοιιιιιιι,Ι

337 4211 584 4284 llcrnartolunr
611 4209 768 4282 chronici
795 4207 1077 4306 compilatorem,
1107 4235 1214 4307 quom
1238 4207 1430 4284 Cramerus
1457 4205 1595 4284 Anecd.
1623 4235 1643 4282 e
1671 4209 1764 4282 Bibl.
1790 4194 1924 4283 Parias,

339 4336 466 4414 Τ..ΙΤ
494 4339 617 4431 edidit,
645 4337 816 4430 fluidam,
845 4337 948 4430 alios,
969 4335 1014 4410 de
1043 4338 1172 4437 quibus
1202 4337 1460 4439 comparandus
1484 4335 1631 4414 Alteros
1647 4335 1925 4414 Miscellaneec

338 4496 374 4568 p
379 4464 466 4542 12
500 4493 578 4568 sqq
649 4469 788 4541 llororn
835 4469 1007 4566 pleraque
1040 4469 1202 4566 praeisse
1242 4470 1386 4544 videtur
1420 4467 1642 4545 Craterus
1679 4465 1798 4542 nescio
1832 4459 1924 4567 quis,

341 4600 441 4672 euius
463 4593 654 4698 epistolam
681 4598 728 4671 dc
756 4593 976 4670 ndrabfflbus
991 4592 1116 4672 indiae
1146 4601 1239 4673 omni
1266 4599 1470 4674 fabularum
1494 4625 1628 4737 genere
1657 4597 1798 4701 planam
1826 4616 1924 4670 oom-

341 4725 563 4798 cremorovit
571 4722 706 4800 Strabo
734 4719 819 4797 ΧΤ.
844 4744 883 4822 Ρ.
905 4722 993 4798 202.

1533 4841 1552 4906 5
1572 4841 1586 4872 a
