<?xml version="1.0" encoding="UTF-8"?>
<!DOCTYPE html PUBLIC "-//W3C//DTD XHTML 1.0 Transitional//EN"
    "http://www.w3.org/TR/xhtml1/DTD/xhtml1-transitional.dtd">
<html xmlns="http://www.w3.org/1999/xhtml" xml:lang="en" lang="en">
 <head>
  <title>
</title>
<meta http-equiv="Content-Type" content="text/html;charset=utf-8" />
  <meta name='ocr-system' content='tesseract 3.04.00' />
  <meta name='ocr-capabilities' content='ocr_page ocr_carea ocr_par ocr_line ocrx_word'/>
</head>
<body>
  <div class='ocr_page' id='page_1' title='image "analectaingeogr00berngoog_0032.png"; bbox 0 0 4130 5642; ppageno 0'>
   <div class='ocr_carea' id='block_1_1' title="bbox 1026 555 1224 676">
    <p class='ocr_par' dir='ltr' id='par_1_1' title="bbox 1026 555 1224 676">
     <span class='ocr_line' id='line_1_1' title="bbox 1026 555 1224 676; baseline -0.01 -37"><span class='ocrx_word' id='word_1_1' title='bbox 1026 555 1224 676; x_wconf 45' lang='lat' dir='ltr'>A</span> 
     </span>
    </p>
   </div>
   <div class='ocr_carea' id='block_1_2' title="bbox 331 789 1920 1158">
    <p class='ocr_par' dir='ltr' id='par_1_2' title="bbox 331 789 1920 1158">
     <span class='ocr_line' id='line_1_2' title="bbox 431 789 1919 891; baseline 0.002 -25"><span class='ocrx_word' id='word_1_2' title='bbox 431 799 464 867; x_wconf 89' lang='lat' dir='ltr'>P.</span> <span class='ocrx_word' id='word_1_3' title='bbox 491 797 553 888; x_wconf 82' lang='lat' dir='ltr'>al,</span> <span class='ocrx_word' id='word_1_4' title='bbox 579 792 615 868; x_wconf 90' lang='lat'>5.</span> <span class='ocrx_word' id='word_1_5' title='bbox 648 791 872 891; x_wconf 66' lang='grc' dir='ltr'><strong><em>μουνοίρεως,</em></strong></span> <span class='ocrx_word' id='word_1_6' title='bbox 908 789 949 862; x_wconf 89' lang='lat' dir='ltr'>in</span> <span class='ocrx_word' id='word_1_7' title='bbox 982 813 1057 891; x_wconf 85' lang='lat' dir='ltr'>mg.</span> <span class='ocrx_word' id='word_1_8' title='bbox 1093 792 1116 868; x_wconf 70' lang='lat' dir='ltr'>t</span> <span class='ocrx_word' id='word_1_9' title='bbox 1149 790 1221 863; x_wconf 84' lang='lat' dir='ltr'>Pal.</span> <span class='ocrx_word' id='word_1_10' title='bbox 1278 789 1406 890; x_wconf 71' lang='lat' dir='ltr'>Itaque</span> <span class='ocrx_word' id='word_1_11' title='bbox 1443 797 1623 866; x_wconf 70' lang='lat' dir='ltr'>corrector</span> <span class='ocrx_word' id='word_1_12' title='bbox 1655 800 1794 868; x_wconf 77' lang='lat' dir='ltr'>rectum</span> <span class='ocrx_word' id='word_1_13' title='bbox 1826 793 1919 869; x_wconf 81' lang='lat' dir='ltr'>vidit</span> 
     </span>
     <span class='ocr_line' id='line_1_3' title="bbox 331 934 534 1021; baseline -0.015 -19"><span class='ocrx_word' id='word_1_14' title='bbox 331 934 534 1021; x_wconf 82' lang='grc' dir='ltr'><strong><em>Μουζιρέως.</em></strong></span> 
     </span>
     <span class='ocr_line' id='line_1_4' title="bbox 430 1059 1920 1158; baseline -0.009 -24"><span class='ocrx_word' id='word_1_15' title='bbox 430 1068 463 1134; x_wconf 89' lang='grc' dir='ltr'>Ρ.</span> <span class='ocrx_word' id='word_1_16' title='bbox 490 1065 551 1158; x_wconf 81' lang='grc'>32,</span> <span class='ocrx_word' id='word_1_17' title='bbox 576 1064 613 1136; x_wconf 87' lang='grc'>8.</span> <span class='ocrx_word' id='word_1_18' title='bbox 666 1063 846 1148; x_wconf 75' lang='grc' dir='ltr'><strong><em>λεγόμενον</em></strong></span> <span class='ocrx_word' id='word_1_19' title='bbox 871 1059 1135 1153; x_wconf 83' lang='grc' dir='ltr'><strong><em>Κοττοναριτόν]</em></strong></span> <span class='ocrx_word' id='word_1_20' title='bbox 1173 1059 1333 1146; x_wconf 75' lang='grc' dir='ltr'>λεγομένη</span> <span class='ocrx_word' id='word_1_21' title='bbox 1361 1062 1596 1149; x_wconf 78' lang='grc' dir='ltr'><strong><em>Κοτταναριιιή</em></strong></span> <span class='ocrx_word' id='word_1_22' title='bbox 1629 1061 1702 1134; x_wconf 78' lang='lat' dir='ltr'>Pal.</span> <span class='ocrx_word' id='word_1_23' title='bbox 1758 1061 1920 1136; x_wconf 75' lang='lat' dir='ltr'>Femini.</span> 
     </span>
    </p>
   </div>
   <div class='ocr_carea' id='block_1_3' title="bbox 331 1190 1921 1297">
    <p class='ocr_par' dir='ltr' id='par_1_3' title="bbox 331 1175 1921 1297">
     <span class='ocr_line' id='line_1_5' title="bbox 331 1190 1921 1297; baseline -0.001 -25"><span class='ocrx_word' id='word_1_24' title='bbox 331 1223 419 1272; x_wconf 91' lang='lat' dir='ltr'>num</span> <span class='ocrx_word' id='word_1_25' title='bbox 445 1197 614 1297; x_wconf 80' lang='lat' dir='ltr'>quoniam</span> <span class='ocrx_word' id='word_1_26' title='bbox 637 1221 712 1269; x_wconf 90' lang='lat' dir='ltr'>non</span> <span class='ocrx_word' id='word_1_27' title='bbox 736 1202 871 1268; x_wconf 85' lang='lat' dir='ltr'>temere</span> <span class='ocrx_word' id='word_1_28' title='bbox 895 1192 1015 1292; x_wconf 82' lang='lat' dir='ltr'>potuit</span> <span class='ocrx_word' id='word_1_29' title='bbox 1039 1191 1218 1290; x_wconf 82' lang='lat' dir='ltr'>irrepere,</span> <span class='ocrx_word' id='word_1_30' title='bbox 1249 1190 1394 1264; x_wconf 84' lang='lat' dir='ltr'>videtur</span> <span class='ocrx_word' id='word_1_31' title='bbox 1426 1192 1518 1266; x_wconf 88' lang='lat' dir='ltr'>iilud</span> <span class='ocrx_word' id='word_1_32' title='bbox 1552 1192 1836 1270; x_wconf 81' lang='lat' dir='ltr'>additamentum</span> <span class='ocrx_word' id='word_1_33' title='bbox 1861 1197 1921 1270; x_wconf 86' lang='lat' dir='ltr'>in·</span> 
     </span>
    </p>
   </div>
   <div class='ocr_carea' id='block_1_4' title="bbox 326 1323 1983 4119">
    <p class='ocr_par' dir='ltr' id='par_1_4' title="bbox 328 1323 1921 2779">
     <span class='ocr_line' id='line_1_6' title="bbox 330 1323 1920 1431; baseline -0.004 -27"><span class='ocrx_word' id='word_1_34' title='bbox 330 1333 388 1405; x_wconf 87' lang='lat' dir='ltr'>fra</span> <span class='ocrx_word' id='word_1_35' title='bbox 410 1331 630 1431; x_wconf 70' lang='lat' dir='ltr'><strong>pertinuisse</strong></span> <span class='ocrx_word' id='word_1_36' title='bbox 656 1328 703 1402; x_wconf 90' lang='lat' dir='ltr'>ad</span> <span class='ocrx_word' id='word_1_37' title='bbox 726 1329 838 1402; x_wconf 82' lang='lat' dir='ltr'>verba</span> <span class='ocrx_word' id='word_1_38' title='bbox 871 1335 927 1396; x_wconf 80' lang='grc' dir='ltr'>καὶ</span> <span class='ocrx_word' id='word_1_39' title='bbox 949 1329 1092 1413; x_wconf 78' lang='grc' dir='ltr'><em>χελώνη,</em></span> <span class='ocrx_word' id='word_1_40' title='bbox 1129 1323 1210 1414; x_wconf 70' lang='grc' dir='ltr'>ἥτε</span> <span class='ocrx_word' id='word_1_41' title='bbox 1233 1331 1532 1417; x_wconf 76' lang='grc' dir='ltr'>Χρυσονησιωτιιιῆ</span> <span class='ocrx_word' id='word_1_42' title='bbox 1557 1323 1576 1416; x_wconf 77' lang='grc' dir='ltr'><em>ἢ</em></span> <span class='ocrx_word' id='word_1_43' title='bbox 1602 1335 1683 1420; x_wconf 78' lang='grc' dir='ltr'><strong><em>περὶ</em></strong></span> <span class='ocrx_word' id='word_1_44' title='bbox 1707 1333 1767 1407; x_wconf 75' lang='grc' dir='ltr'><strong><em>τὰς</em></strong></span> <span class='ocrx_word' id='word_1_45' title='bbox 1800 1332 1920 1417; x_wconf 83' lang='grc' dir='ltr'><strong><em>νησους</em></strong></span> 
     </span>
     <span class='ocr_line' id='line_1_7' title="bbox 330 1459 1921 1557; baseline 0.001 -23"><span class='ocrx_word' id='word_1_46' title='bbox 330 1472 541 1557; x_wconf 74' lang='grc' dir='ltr'><em>θηρευομένη</em></span> <span class='ocrx_word' id='word_1_47' title='bbox 566 1511 614 1524; x_wconf 94' lang='grc'><strong>-</strong></span> <span class='ocrx_word' id='word_1_48' title='bbox 639 1463 697 1552; x_wconf 78' lang='grc' dir='ltr'><strong><em>τῆς</em></strong></span> <span class='ocrx_word' id='word_1_49' title='bbox 723 1462 930 1551; x_wconf 81' lang='grc' dir='ltr'><strong><em>Λιμυριιιῆς,</em></strong></span> <span class='ocrx_word' id='word_1_50' title='bbox 962 1461 1028 1534; x_wconf 85' lang='lat' dir='ltr'>uhi</span> <span class='ocrx_word' id='word_1_51' title='bbox 1057 1459 1285 1534; x_wconf 64' lang='lat' dir='ltr'>desideratio</span> <span class='ocrx_word' id='word_1_52' title='bbox 1318 1461 1471 1534; x_wconf 85' lang='lat' dir='ltr'>aiterum</span> <span class='ocrx_word' id='word_1_53' title='bbox 1494 1462 1695 1536; x_wconf 74' lang='lat' dir='ltr'>membrum</span> <span class='ocrx_word' id='word_1_54' title='bbox 1730 1470 1786 1532; x_wconf 80' lang='grc' dir='ltr'>καὶ</span> <span class='ocrx_word' id='word_1_55' title='bbox 1811 1459 1830 1553; x_wconf 75' lang='grc' dir='ltr'><strong><em>ἦ</em></strong></span> <span class='ocrx_word' id='word_1_56' title='bbox 1855 1469 1921 1548; x_wconf 78' lang='grc' dir='ltr'>λεν.</span> 
     </span>
     <span class='ocr_line' id='line_1_8' title="bbox 330 1594 1920 1699; baseline 0.002 -27"><span class='ocrx_word' id='word_1_57' title='bbox 330 1611 367 1672; x_wconf 78' lang='grc' dir='ltr'><strong>Κ.</strong></span> <span class='ocrx_word' id='word_1_58' title='bbox 420 1600 480 1674; x_wconf 85' lang='grc'><strong>19.</strong></span> <span class='ocrx_word' id='word_1_59' title='bbox 509 1597 543 1676; x_wconf 77' lang='grc' dir='ltr'><strong><em>ὅς</em></strong></span> <span class='ocrx_word' id='word_1_60' title='bbox 570 1600 663 1668; x_wconf 79' lang='grc' dir='ltr'><em>ἐστιν</em></span> <span class='ocrx_word' id='word_1_61' title='bbox 683 1598 820 1695; x_wconf 82' lang='grc' dir='ltr'><strong><em>Ἐπιφί]</em></strong></span> <span class='ocrx_word' id='word_1_62' title='bbox 846 1599 959 1672; x_wconf 85' lang='lat' dir='ltr'>Reete</span> <span class='ocrx_word' id='word_1_63' title='bbox 987 1594 1102 1672; x_wconf 79' lang='lat' dir='ltr'>i&#39;Pal.</span> <span class='ocrx_word' id='word_1_64' title='bbox 1128 1597 1226 1699; x_wconf 83' lang='lat' dir='ltr'>quod</span> <span class='ocrx_word' id='word_1_65' title='bbox 1249 1598 1289 1670; x_wconf 88' lang='lat' dir='ltr'>in</span> <span class='ocrx_word' id='word_1_66' title='bbox 1315 1597 1442 1672; x_wconf 80' lang='lat' dir='ltr'>eadem</span> <span class='ocrx_word' id='word_1_67' title='bbox 1464 1598 1621 1673; x_wconf 80' lang='lat' dir='ltr'>somnia</span> <span class='ocrx_word' id='word_1_68' title='bbox 1646 1601 1801 1674; x_wconf 76' lang='lat' dir='ltr'>recurrit</span> <span class='ocrx_word' id='word_1_69' title='bbox 1824 1625 1862 1698; x_wconf 85' lang='lat' dir='ltr'>p.</span> <span class='ocrx_word' id='word_1_70' title='bbox 1882 1602 1920 1676; x_wconf 84' lang='grc' dir='ltr'><strong>Θ.</strong></span> 
     </span>
     <span class='ocr_line' id='line_1_9' title="bbox 331 1731 1920 1832; baseline -0.001 -28"><span class='ocrx_word' id='word_1_71' title='bbox 331 1739 394 1812; x_wconf 85' lang='grc'><strong>20.</strong></span> <span class='ocrx_word' id='word_1_72' title='bbox 431 1742 485 1804; x_wconf 80' lang='grc' dir='ltr'>καὶ</span> <span class='ocrx_word' id='word_1_73' title='bbox 510 1733 716 1822; x_wconf 73' lang='grc' dir='ltr'><strong><em>Εἱλδαίμονος</em></strong></span> <span class='ocrx_word' id='word_1_74' title='bbox 744 1731 870 1829; x_wconf 53' lang='lat' dir='ltr'>Haud]</span> <span class='ocrx_word' id='word_1_75' title='bbox 897 1733 1092 1832; x_wconf 80' lang='lat' dir='ltr'>Interpone</span> <span class='ocrx_word' id='word_1_76' title='bbox 1118 1733 1176 1822; x_wconf 77' lang='grc' dir='ltr'><strong><em>τῆς</em></strong></span> <span class='ocrx_word' id='word_1_77' title='bbox 1204 1759 1286 1807; x_wconf 88' lang='lat' dir='ltr'>oum</span> <span class='ocrx_word' id='word_1_78' title='bbox 1311 1735 1383 1807; x_wconf 87' lang='lat' dir='ltr'>Pal.</span> <span class='ocrx_word' id='word_1_79' title='bbox 1446 1736 1508 1810; x_wconf 83' lang='grc'><strong>26.</strong></span> <span class='ocrx_word' id='word_1_80' title='bbox 1542 1733 1600 1823; x_wconf 72' lang='grc' dir='ltr'>ἀφ’</span> <span class='ocrx_word' id='word_1_81' title='bbox 1626 1731 1666 1804; x_wconf 76' lang='grc' dir='ltr'><strong><em>οὗ</em></strong></span> <span class='ocrx_word' id='word_1_82' title='bbox 1692 1743 1748 1804; x_wconf 82' lang='grc' dir='ltr'><strong><em>ιιαλ</em></strong></span> <span class='ocrx_word' id='word_1_83' title='bbox 1772 1735 1920 1812; x_wconf 75' lang='grc' dir='ltr'><strong><em>τοπικῶς</em></strong></span> 
     </span>
     <span class='ocr_line' id='line_1_10' title="bbox 329 1864 1920 1961; baseline -0.001 -21"><span class='ocrx_word' id='word_1_84' title='bbox 329 1874 365 1940; x_wconf 78' lang='grc' dir='ltr'>ἐκ</span> <span class='ocrx_word' id='word_1_85' title='bbox 390 1866 455 1939; x_wconf 74' lang='grc' dir='ltr'><strong><em>’τοῦ</em></strong></span> <span class='ocrx_word' id='word_1_86' title='bbox 484 1868 635 1938; x_wconf 79' lang='grc' dir='ltr'><strong><em>ώιιεανοῦ</em></strong></span> <span class='ocrx_word' id='word_1_87' title='bbox 659 1872 847 1958; x_wconf 74' lang='grc' dir='ltr'>φυσώντων</span> <span class='ocrx_word' id='word_1_88' title='bbox 876 1867 945 1937; x_wconf 85' lang='grc' dir='ltr'>τών</span> <span class='ocrx_word' id='word_1_89' title='bbox 972 1873 1058 1938; x_wconf 77' lang='grc' dir='ltr'><strong><em>ιιατώ</em></strong></span> <span class='ocrx_word' id='word_1_90' title='bbox 1092 1872 1211 1959; x_wconf 83' lang='grc' dir='ltr'><strong><em>καιρὸν</em></strong></span> <span class='ocrx_word' id='word_1_91' title='bbox 1242 1869 1312 1937; x_wconf 80' lang='grc' dir='ltr'>τών</span> <span class='ocrx_word' id='word_1_92' title='bbox 1340 1869 1420 1961; x_wconf 78' lang='grc' dir='ltr'><strong><em>παρ’</em></strong></span> <span class='ocrx_word' id='word_1_93' title='bbox 1448 1864 1525 1957; x_wconf 75' lang='grc' dir='ltr'><em>ἡμῖν</em></span> <span class='ocrx_word' id='word_1_94' title='bbox 1557 1871 1699 1958; x_wconf 75' lang='grc' dir='ltr'><em>ἐτησίων</em></span> <span class='ocrx_word' id='word_1_95' title='bbox 1724 1871 1760 1938; x_wconf 77' lang='grc' dir='ltr'>ἐν</span> <span class='ocrx_word' id='word_1_96' title='bbox 1785 1871 1834 1961; x_wconf 71' lang='grc' dir='ltr'>τῷ</span> <span class='ocrx_word' id='word_1_97' title='bbox 1854 1870 1920 1938; x_wconf 79' lang='grc' dir='ltr'>Ἰν-</span> 
     </span>
     <span class='ocr_line' id='line_1_11' title="bbox 330 2002 1919 2100; baseline -0.003 -25"><span class='ocrx_word' id='word_1_98' title='bbox 330 2005 414 2097; x_wconf 77' lang='grc' dir='ltr'><strong><em>διιιηῖ</em></strong></span> <span class='ocrx_word' id='word_1_99' title='bbox 448 2007 608 2087; x_wconf 74' lang='grc' dir='ltr'><strong><em>πελάγει,</em></strong></span> <span class='ocrx_word' id='word_1_100' title='bbox 640 2006 813 2090; x_wconf 79' lang='grc' dir='ltr'><strong><em>λιβόνοτος</em></strong></span> <span class='ocrx_word' id='word_1_101' title='bbox 852 2010 1022 2092; x_wconf 78' lang='grc' dir='ltr'><strong><em>φαίνεται.</em></strong></span> <span class='ocrx_word' id='word_1_102' title='bbox 1084 2005 1373 2095; x_wconf 79' lang='grc' dir='ltr'><strong><em>προςονομώζεται</em></strong></span> <span class='ocrx_word' id='word_1_103' title='bbox 1412 2007 1464 2097; x_wconf 77' lang='grc' dir='ltr'>(δὲ</span> <span class='ocrx_word' id='word_1_104' title='bbox 1497 2002 1600 2076; x_wconf 79' lang='lat' dir='ltr'>addit</span> <span class='ocrx_word' id='word_1_105' title='bbox 1632 2005 1724 2100; x_wconf 84' lang='lat' dir='ltr'><strong>Pal.)</strong></span> <span class='ocrx_word' id='word_1_106' title='bbox 1758 2003 1828 2072; x_wconf 77' lang='grc' dir='ltr'>ἀπὸ</span> <span class='ocrx_word' id='word_1_107' title='bbox 1862 2005 1919 2093; x_wconf 76' lang='grc' dir='ltr'><strong><em>τῆς</em></strong></span> 
     </span>
     <span class='ocr_line' id='line_1_12' title="bbox 329 2137 1920 2236; baseline 0.001 -26"><span class='ocrx_word' id='word_1_108' title='bbox 329 2146 551 2233; x_wconf 76' lang='grc' dir='ltr'><strong><em>προςηγορλας</em></strong></span> <span class='ocrx_word' id='word_1_109' title='bbox 577 2137 640 2208; x_wconf 79' lang='grc' dir='ltr'><strong><em>τοῦ</em></strong></span> <span class='ocrx_word' id='word_1_110' title='bbox 664 2141 806 2223; x_wconf 81' lang='grc' dir='ltr'><strong><em>πρώτως</em></strong></span> <span class='ocrx_word' id='word_1_111' title='bbox 830 2139 1043 2230; x_wconf 78' lang='grc' dir='ltr'><strong><em>ἐξευρηκότος</em></strong></span> <span class='ocrx_word' id='word_1_112' title='bbox 1068 2138 1302 2230; x_wconf 73' lang='grc' dir='ltr'>(ἒξευρηιέναι</span> <span class='ocrx_word' id='word_1_113' title='bbox 1325 2140 1412 2231; x_wconf 86' lang='lat' dir='ltr'><strong>Pal.)</strong></span> <span class='ocrx_word' id='word_1_114' title='bbox 1448 2142 1509 2208; x_wconf 83' lang='grc' dir='ltr'>τὸν</span> <span class='ocrx_word' id='word_1_115' title='bbox 1536 2139 1720 2236; x_wconf 83' lang='grc' dir='ltr'><strong><em>διολιτλουν]</em></strong></span> <span class='ocrx_word' id='word_1_116' title='bbox 1748 2137 1920 2213; x_wconf 86' lang='lat' dir='ltr'>Lioenter</span> 
     </span>
     <span class='ocr_line' id='line_1_13' title="bbox 328 2272 1920 2376; baseline -0.002 -27"><span class='ocrx_word' id='word_1_117' title='bbox 328 2279 369 2349; x_wconf 88' lang='lat' dir='ltr'>in</span> <span class='ocrx_word' id='word_1_118' title='bbox 393 2279 473 2349; x_wconf 86' lang='grc' dir='ltr'><strong><em>Ιοοο</em></strong></span> <span class='ocrx_word' id='word_1_119' title='bbox 505 2272 715 2376; x_wconf 86' lang='lat' dir='ltr'>perturbato</span> <span class='ocrx_word' id='word_1_120' title='bbox 749 2281 914 2346; x_wconf 84' lang='lat' dir='ltr'>versatus</span> <span class='ocrx_word' id='word_1_121' title='bbox 943 2281 1000 2347; x_wconf 82' lang='lat' dir='ltr'>est</span> <span class='ocrx_word' id='word_1_122' title='bbox 1026 2299 1187 2373; x_wconf 80' lang='lat' dir='ltr'>nuperus</span> <span class='ocrx_word' id='word_1_123' title='bbox 1221 2273 1359 2367; x_wconf 77' lang='lat' dir='ltr'>editor,</span> <span class='ocrx_word' id='word_1_124' title='bbox 1401 2298 1483 2346; x_wconf 88' lang='lat' dir='ltr'>oum</span> <span class='ocrx_word' id='word_1_125' title='bbox 1519 2272 1718 2347; x_wconf 86' lang='lat' dir='ltr'>tollendum</span> <span class='ocrx_word' id='word_1_126' title='bbox 1754 2281 1850 2347; x_wconf 84' lang='lat' dir='ltr'>esset</span> <span class='ocrx_word' id='word_1_127' title='bbox 1883 2281 1920 2346; x_wconf 86' lang='lat' dir='ltr'>et</span> 
     </span>
     <span class='ocr_line' id='line_1_14' title="bbox 328 2406 1919 2510; baseline 0 -30"><span class='ocrx_word' id='word_1_128' title='bbox 328 2411 397 2480; x_wconf 84' lang='grc' dir='ltr'>τών</span> <span class='ocrx_word' id='word_1_129' title='bbox 423 2417 506 2510; x_wconf 83' lang='lat' dir='ltr'>post</span> <span class='ocrx_word' id='word_1_130' title='bbox 531 2411 737 2498; x_wconf 82' lang='grc' dir='ltr'><em>φυσώντων,</em></span> <span class='ocrx_word' id='word_1_131' title='bbox 770 2407 836 2480; x_wconf 76' lang='lat' dir='ltr'>uiri</span> <span class='ocrx_word' id='word_1_132' title='bbox 861 2434 990 2482; x_wconf 79' lang='lat' dir='ltr'>senene</span> <span class='ocrx_word' id='word_1_133' title='bbox 1016 2409 1170 2508; x_wconf 85' lang='lat' dir='ltr'>requirit</span> <span class='ocrx_word' id='word_1_134' title='bbox 1204 2415 1261 2476; x_wconf 80' lang='grc' dir='ltr'>καὶ</span> <span class='ocrx_word' id='word_1_135' title='bbox 1290 2412 1374 2476; x_wconf 78' lang='grc' dir='ltr'><strong><em>κατὰ</em></strong></span> <span class='ocrx_word' id='word_1_136' title='bbox 1401 2411 1541 2500; x_wconf 80' lang='grc' dir='ltr'><strong><em>καιρόν,</em></strong></span> <span class='ocrx_word' id='word_1_137' title='bbox 1573 2416 1609 2481; x_wconf 91' lang='lat' dir='ltr'>et</span> <span class='ocrx_word' id='word_1_138' title='bbox 1631 2408 1787 2482; x_wconf 81' lang='lat' dir='ltr'>otiosum</span> <span class='ocrx_word' id='word_1_139' title='bbox 1813 2406 1919 2480; x_wconf 81' lang='lat' dir='ltr'>addi·</span> 
     </span>
     <span class='ocr_line' id='line_1_15' title="bbox 328 2541 1919 2633; baseline -0.004 -15"><span class='ocrx_word' id='word_1_140' title='bbox 328 2554 527 2620; x_wconf 82' lang='lat' dir='ltr'>tomentum</span> <span class='ocrx_word' id='word_1_141' title='bbox 552 2543 622 2612; x_wconf 74' lang='lat' dir='ltr'>riui</span> <span class='ocrx_word' id='word_1_142' title='bbox 648 2543 706 2631; x_wconf 78' lang='grc' dir='ltr'><strong><em>τῆς</em></strong></span> <span class='ocrx_word' id='word_1_143' title='bbox 730 2550 955 2633; x_wconf 74' lang='grc' dir='ltr'><strong><em>προςηηορλας</em></strong></span> <span class='ocrx_word' id='word_1_144' title='bbox 979 2596 986 2609; x_wconf 92' lang='grc'><strong>.</strong></span> <span class='ocrx_word' id='word_1_145' title='bbox 1014 2597 1022 2612; x_wconf 92' lang='grc'><strong>.</strong></span> <span class='ocrx_word' id='word_1_146' title='bbox 1049 2595 1056 2611; x_wconf 92' lang='grc'><strong>.</strong></span> <span class='ocrx_word' id='word_1_147' title='bbox 1083 2543 1260 2612; x_wconf 79' lang='grc' dir='ltr'><strong><em>διάπλουν.</em></strong></span> <span class='ocrx_word' id='word_1_148' title='bbox 1320 2541 1500 2616; x_wconf 80' lang='lat' dir='ltr'>Saimaeio</span> <span class='ocrx_word' id='word_1_149' title='bbox 1526 2541 1678 2616; x_wconf 82' lang='lat' dir='ltr'>debetur</span> <span class='ocrx_word' id='word_1_150' title='bbox 1701 2547 1919 2630; x_wconf 81' lang='grc' dir='ltr'><strong><em>ιτροςονομώ-</em></strong></span> 
     </span>
     <span class='ocr_line' id='line_1_16' title="bbox 329 2675 1700 2779; baseline -0.004 -29"><span class='ocrx_word' id='word_1_151' title='bbox 329 2685 466 2760; x_wconf 76' lang='grc' dir='ltr'><strong><em>ζεσοοιε</em></strong></span> <span class='ocrx_word' id='word_1_152' title='bbox 490 2687 598 2779; x_wconf 85' lang='lat' dir='ltr'>atque</span> <span class='ocrx_word' id='word_1_153' title='bbox 623 2677 722 2751; x_wconf 82' lang='lat' dir='ltr'>haud</span> <span class='ocrx_word' id='word_1_154' title='bbox 748 2678 824 2752; x_wconf 81' lang='lat' dir='ltr'>seio</span> <span class='ocrx_word' id='word_1_155' title='bbox 850 2702 897 2750; x_wconf 85' lang='lat' dir='ltr'>an</span> <span class='ocrx_word' id='word_1_156' title='bbox 922 2677 990 2751; x_wconf 84' lang='lat' dir='ltr'>suh</span> <span class='ocrx_word' id='word_1_157' title='bbox 1013 2675 1124 2750; x_wconf 90' lang='lat' dir='ltr'>finem</span> <span class='ocrx_word' id='word_1_158' title='bbox 1142 2675 1379 2776; x_wconf 83' lang='lat' dir='ltr'>repetendum</span> <span class='ocrx_word' id='word_1_159' title='bbox 1402 2675 1700 2755; x_wconf 68' lang='lat' dir='ltr'>fuerit‘imcaioc.</span> 
     </span>
    </p>

    <p class='ocr_par' dir='ltr' id='par_1_5' title="bbox 331 2809 1375 2908">
     <span class='ocr_line' id='line_1_17' title="bbox 331 2809 1375 2908; baseline -0.005 -23"><span class='ocrx_word' id='word_1_160' title='bbox 331 2855 336 2868; x_wconf 96' lang='lat'><strong>·</strong></span> <span class='ocrx_word' id='word_1_161' title='bbox 426 2817 459 2886; x_wconf 90' lang='lat' dir='ltr'>P.</span> <span class='ocrx_word' id='word_1_162' title='bbox 486 2815 548 2907; x_wconf 83' lang='lat'>34,</span> <span class='ocrx_word' id='word_1_163' title='bbox 575 2815 637 2886; x_wconf 87' lang='grc'><strong>21.</strong></span> <span class='ocrx_word' id='word_1_164' title='bbox 662 2816 711 2889; x_wconf 86' lang='grc' dir='ltr'><strong><em>ελς</em></strong></span> <span class='ocrx_word' id='word_1_165' title='bbox 737 2816 816 2890; x_wconf 78' lang='grc' dir='ltr'><strong><em>τούς</em></strong></span> <span class='ocrx_word' id='word_1_166' title='bbox 842 2809 984 2908; x_wconf 86' lang='grc' dir='ltr'>τόπους]</span> <span class='ocrx_word' id='word_1_167' title='bbox 1012 2815 1150 2886; x_wconf 72' lang='grc' dir='ltr'><strong><em>τούτους</em></strong></span> <span class='ocrx_word' id='word_1_168' title='bbox 1178 2809 1280 2880; x_wconf 84' lang='lat' dir='ltr'>addit</span> <span class='ocrx_word' id='word_1_169' title='bbox 1303 2811 1375 2880; x_wconf 86' lang='lat' dir='ltr'>Pal.</span> 
     </span>
    </p>

    <p class='ocr_par' dir='ltr' id='par_1_6' title="bbox 426 2940 1244 3037">
     <span class='ocr_line' id='line_1_18' title="bbox 426 2940 1244 3037; baseline -0.002 -20"><span class='ocrx_word' id='word_1_170' title='bbox 426 2952 459 3016; x_wconf 88' lang='lat' dir='ltr'>P.</span> <span class='ocrx_word' id='word_1_171' title='bbox 486 2947 548 3037; x_wconf 81' lang='lat'>35,</span> <span class='ocrx_word' id='word_1_172' title='bbox 573 2949 637 3016; x_wconf 79' lang='lat'>27.</span> <span class='ocrx_word' id='word_1_173' title='bbox 662 2952 719 3012; x_wconf 79' lang='grc' dir='ltr'>καὶ</span> <span class='ocrx_word' id='word_1_174' title='bbox 740 2944 904 3036; x_wconf 73' lang='grc' dir='ltr'><strong><em>ὠκεανὸν]</em></strong></span> <span class='ocrx_word' id='word_1_175' title='bbox 929 2950 983 3009; x_wconf 80' lang='grc' dir='ltr'>καὶ</span> <span class='ocrx_word' id='word_1_176' title='bbox 1008 2945 1069 3010; x_wconf 83' lang='grc' dir='ltr'>τὸν</span> <span class='ocrx_word' id='word_1_177' title='bbox 1095 2940 1150 3011; x_wconf 75' lang='lat' dir='ltr'>rix.</span> <span class='ocrx_word' id='word_1_178' title='bbox 1171 2943 1244 3015; x_wconf 81' lang='lat' dir='ltr'>Pal.</span> 
     </span>
    </p>

    <p class='ocr_par' dir='ltr' id='par_1_7' title="bbox 427 3075 1486 3172">
     <span class='ocr_line' id='line_1_19' title="bbox 427 3075 1486 3172; baseline 0.001 -23"><span class='ocrx_word' id='word_1_179' title='bbox 427 3083 461 3150; x_wconf 89' lang='lat' dir='ltr'>P.</span> <span class='ocrx_word' id='word_1_180' title='bbox 487 3080 549 3172; x_wconf 77' lang='grc'>36,</span> <span class='ocrx_word' id='word_1_181' title='bbox 577 3079 639 3152; x_wconf 85' lang='grc'><strong>24.</strong></span> <span class='ocrx_word' id='word_1_182' title='bbox 665 3081 765 3145; x_wconf 74' lang='grc' dir='ltr'><strong><em>τότε</em></strong></span> <span class='ocrx_word' id='word_1_183' title='bbox 789 3076 899 3170; x_wconf 70' lang='grc' dir='ltr'><strong><em>ἔριον]</em></strong></span> <span class='ocrx_word' id='word_1_184' title='bbox 927 3083 983 3144; x_wconf 78' lang='grc' dir='ltr'><strong><em>ιιαῑ</em></strong></span> <span class='ocrx_word' id='word_1_185' title='bbox 1010 3080 1049 3144; x_wconf 78' lang='grc' dir='ltr'>τὸ</span> <span class='ocrx_word' id='word_1_186' title='bbox 1075 3075 1163 3162; x_wconf 79' lang='grc' dir='ltr'><strong><em>νῆμα</em></strong></span> <span class='ocrx_word' id='word_1_187' title='bbox 1189 3075 1282 3149; x_wconf 91' lang='lat' dir='ltr'>adde</span> <span class='ocrx_word' id='word_1_188' title='bbox 1310 3102 1392 3149; x_wconf 90' lang='lat' dir='ltr'>oum</span> <span class='ocrx_word' id='word_1_189' title='bbox 1414 3078 1486 3150; x_wconf 83' lang='lat' dir='ltr'>Pal.</span> 
     </span>
    </p>

    <p class='ocr_par' dir='ltr' id='par_1_8' title="bbox 326 3211 1983 3961">
     <span class='ocr_line' id='line_1_20' title="bbox 428 3211 1917 3306; baseline 0.003 -26"><span class='ocrx_word' id='word_1_190' title='bbox 428 3219 460 3285; x_wconf 86' lang='lat' dir='ltr'>P.</span> <span class='ocrx_word' id='word_1_191' title='bbox 489 3215 550 3306; x_wconf 80' lang='lat'>37,</span> <span class='ocrx_word' id='word_1_192' title='bbox 574 3213 610 3288; x_wconf 83' lang='lat'>6.</span> <span class='ocrx_word' id='word_1_193' title='bbox 652 3211 700 3302; x_wconf 78' lang='grc' dir='ltr'>τηῖ</span> <span class='ocrx_word' id='word_1_194' title='bbox 729 3217 791 3298; x_wconf 79' lang='grc' dir='ltr'>μὲν</span> <span class='ocrx_word' id='word_1_195' title='bbox 821 3213 957 3298; x_wconf 79' lang='grc' dir='ltr'>σώματι</span> <span class='ocrx_word' id='word_1_196' title='bbox 986 3213 1119 3296; x_wconf 72' lang='grc' dir='ltr'><strong><em>ιιολοβοὶ</em></strong></span> <span class='ocrx_word' id='word_1_197' title='bbox 1155 3218 1211 3279; x_wconf 82' lang='grc' dir='ltr'>καλ</span> <span class='ocrx_word' id='word_1_198' title='bbox 1242 3213 1378 3301; x_wconf 83' lang='grc' dir='ltr'><strong><em>σφόδρα</em></strong></span> <span class='ocrx_word' id='word_1_199' title='bbox 1408 3213 1717 3301; x_wconf 80' lang='grc' dir='ltr'><strong><em>πλατυσρόςωιτοι,</em></strong></span> <span class='ocrx_word' id='word_1_200' title='bbox 1749 3223 1843 3302; x_wconf 78' lang='grc' dir='ltr'><strong><em>σιμοὶ</em></strong></span> <span class='ocrx_word' id='word_1_201' title='bbox 1870 3220 1917 3295; x_wconf 77' lang='grc' dir='ltr'><strong><em>εἰς</em></strong></span> 
     </span>
     <span class='ocr_line' id='line_1_21' title="bbox 328 3343 1983 3444; baseline 0.002 -24"><span class='ocrx_word' id='word_1_202' title='bbox 328 3352 439 3430; x_wconf 81' lang='grc' dir='ltr'><strong><em>τέλος,</em></strong></span> <span class='ocrx_word' id='word_1_203' title='bbox 475 3346 598 3424; x_wconf 63' lang='lat' dir='ltr'>edwii</span> <span class='ocrx_word' id='word_1_204' title='bbox 628 3346 666 3414; x_wconf 78' lang='grc' dir='ltr'>δὲ</span> <span class='ocrx_word' id='word_1_205' title='bbox 691 3349 854 3426; x_wconf 70' lang='grc' dir='ltr'>λέοεσθᾱι</span> <span class='ocrx_word' id='word_1_206' title='bbox 879 3346 1049 3440; x_wconf 71' lang='grc' dir='ltr'>Σησᾶτας]</span> <span class='ocrx_word' id='word_1_207' title='bbox 1076 3343 1148 3418; x_wconf 75' lang='lat' dir='ltr'>&#39;Sio</span> <span class='ocrx_word' id='word_1_208' title='bbox 1172 3347 1291 3420; x_wconf 81' lang='lat' dir='ltr'>locum</span> <span class='ocrx_word' id='word_1_209' title='bbox 1314 3346 1626 3444; x_wconf 81' lang='lat' dir='ltr'>corruptissimum</span> <span class='ocrx_word' id='word_1_210' title='bbox 1657 3350 1809 3422; x_wconf 82' lang='lat' dir='ltr'>mutavit</span> <span class='ocrx_word' id='word_1_211' title='bbox 1834 3350 1919 3425; x_wconf 89' lang='lat' dir='ltr'>Sal·</span> <span class='ocrx_word' id='word_1_212' title='bbox 1980 3419 1983 3433; x_wconf 89' lang='grc'>,</span> 
     </span>
     <span class='ocr_line' id='line_1_22' title="bbox 328 3479 1917 3579; baseline -0.001 -23"><span class='ocrx_word' id='word_1_213' title='bbox 328 3486 479 3574; x_wconf 80' lang='lat' dir='ltr'>mosius,</span> <span class='ocrx_word' id='word_1_214' title='bbox 503 3505 633 3579; x_wconf 86' lang='lat' dir='ltr'>parum</span> <span class='ocrx_word' id='word_1_215' title='bbox 665 3504 859 3579; x_wconf 80' lang='lat' dir='ltr'>prospere:</span> <span class='ocrx_word' id='word_1_216' title='bbox 897 3503 983 3551; x_wconf 86' lang='lat' dir='ltr'>nem</span> <span class='ocrx_word' id='word_1_217' title='bbox 1012 3485 1050 3551; x_wconf 82' lang='lat' dir='ltr'>et</span> <span class='ocrx_word' id='word_1_218' title='bbox 1076 3487 1169 3566; x_wconf 80' lang='grc' dir='ltr'><strong><em>σιμοὶ</em></strong></span> <span class='ocrx_word' id='word_1_219' title='bbox 1193 3479 1361 3553; x_wconf 78' lang='lat' dir='ltr'>imietura</span> <span class='ocrx_word' id='word_1_220' title='bbox 1388 3488 1487 3553; x_wconf 86' lang='lat' dir='ltr'>earet</span> <span class='ocrx_word' id='word_1_221' title='bbox 1510 3488 1547 3553; x_wconf 86' lang='lat' dir='ltr'>et</span> <span class='ocrx_word' id='word_1_222' title='bbox 1572 3480 1765 3555; x_wconf 82' lang='lat' dir='ltr'>obscurum</span> <span class='ocrx_word' id='word_1_223' title='bbox 1789 3493 1845 3558; x_wconf 84' lang='lat' dir='ltr'>est</span> <span class='ocrx_word' id='word_1_224' title='bbox 1869 3489 1917 3564; x_wconf 77' lang='grc' dir='ltr'><strong><em>εἰς</em></strong></span> 
     </span>
     <span class='ocr_line' id='line_1_23' title="bbox 328 3607 1917 3711; baseline 0.002 -24"><span class='ocrx_word' id='word_1_225' title='bbox 328 3621 439 3700; x_wconf 78' lang='grc' dir='ltr'><strong><em>τέλος,</em></strong></span> <span class='ocrx_word' id='word_1_226' title='bbox 461 3641 528 3690; x_wconf 87' lang='lat' dir='ltr'>neo</span> <span class='ocrx_word' id='word_1_227' title='bbox 551 3615 754 3690; x_wconf 83' lang='lat' dir='ltr'>infinitivus</span> <span class='ocrx_word' id='word_1_228' title='bbox 776 3613 888 3688; x_wconf 84' lang='lat' dir='ltr'>habet</span> <span class='ocrx_word' id='word_1_229' title='bbox 911 3607 1009 3686; x_wconf 86' lang='lat' dir='ltr'>unde</span> <span class='ocrx_word' id='word_1_230' title='bbox 1033 3611 1202 3711; x_wconf 79' lang='lat' dir='ltr'>pendeat.</span> <span class='ocrx_word' id='word_1_231' title='bbox 1235 3614 1314 3687; x_wconf 81' lang='lat' dir='ltr'><strong>Pal.</strong></span> <span class='ocrx_word' id='word_1_232' title='bbox 1342 3616 1729 3704; x_wconf 82' lang='grc' dir='ltr'><strong><em>πλατυιτρόςωποιενμοι</em></strong></span> <span class='ocrx_word' id='word_1_233' title='bbox 1752 3621 1800 3696; x_wconf 73' lang='grc' dir='ltr'><strong><em>εἰς</em></strong></span> <span class='ocrx_word' id='word_1_234' title='bbox 1824 3624 1917 3699; x_wconf 82' lang='grc' dir='ltr'><strong><em>τέλος</em></strong></span> 
     </span>
     <span class='ocr_line' id='line_1_24' title="bbox 328 3747 1917 3848; baseline 0.001 -27"><span class='ocrx_word' id='word_1_235' title='bbox 328 3779 365 3821; x_wconf 86' lang='grc' dir='ltr'>τε</span> <span class='ocrx_word' id='word_1_236' title='bbox 392 3751 514 3829; x_wconf 70' lang='grc' dir='ltr'><strong><em>αὐτούς</em></strong></span> <span class='ocrx_word' id='word_1_237' title='bbox 545 3754 610 3833; x_wconf 76' lang='grc' dir='ltr'>λέν.</span> <span class='ocrx_word' id='word_1_238' title='bbox 672 3749 861 3824; x_wconf 81' lang='lat' dir='ltr'>Sententia</span> <span class='ocrx_word' id='word_1_239' title='bbox 884 3747 962 3822; x_wconf 85' lang='lat' dir='ltr'>fere</span> <span class='ocrx_word' id='word_1_240' title='bbox 986 3747 1121 3848; x_wconf 80' lang='lat' dir='ltr'>poscit:</span> <span class='ocrx_word' id='word_1_241' title='bbox 1160 3748 1302 3837; x_wconf 81' lang='grc' dir='ltr'><strong><em>ὀνόματι</em></strong></span> <span class='ocrx_word' id='word_1_242' title='bbox 1327 3753 1366 3819; x_wconf 81' lang='grc' dir='ltr'>δέ</span> <span class='ocrx_word' id='word_1_243' title='bbox 1391 3770 1500 3838; x_wconf 82' lang='grc' dir='ltr'><strong><em>φασιν</em></strong></span> <span class='ocrx_word' id='word_1_244' title='bbox 1525 3750 1647 3829; x_wconf 70' lang='lat' dir='ltr'>adroic</span> <span class='ocrx_word' id='word_1_245' title='bbox 1673 3754 1835 3832; x_wconf 74' lang='grc' dir='ltr'>λέγεσθαι</span> <span class='ocrx_word' id='word_1_246' title='bbox 1860 3756 1917 3828; x_wconf 83' lang='lat' dir='ltr'>vel</span> 
     </span>
     <span class='ocr_line' id='line_1_25' title="bbox 326 3887 472 3961; baseline 0 -1"><span class='ocrx_word' id='word_1_247' title='bbox 326 3887 472 3961; x_wconf 74' lang='lat' dir='ltr'>ennilia.</span> 
     </span>
    </p>

    <p class='ocr_par' dir='ltr' id='par_1_9' title="bbox 426 4011 1782 4119">
     <span class='ocr_line' id='line_1_26' title="bbox 426 4011 1782 4119; baseline 0.005 -31"><span class='ocrx_word' id='word_1_248' title='bbox 426 4025 459 4093; x_wconf 90' lang='lat' dir='ltr'>P.</span> <span class='ocrx_word' id='word_1_249' title='bbox 486 4021 548 4114; x_wconf 81' lang='lat'>38,</span> <span class='ocrx_word' id='word_1_250' title='bbox 576 4021 610 4094; x_wconf 92' lang='lat' dir='ltr'>l.</span> <span class='ocrx_word' id='word_1_251' title='bbox 636 4019 673 4088; x_wconf 77' lang='grc' dir='ltr'>ἐκ</span> <span class='ocrx_word' id='word_1_252' title='bbox 699 4018 736 4085; x_wconf 82' lang='grc' dir='ltr'>δὲ</span> <span class='ocrx_word' id='word_1_253' title='bbox 760 4016 821 4086; x_wconf 79' lang='grc' dir='ltr'><strong><em>τοῦ</em></strong></span> <span class='ocrx_word' id='word_1_254' title='bbox 848 4011 962 4114; x_wconf 72' lang='lat' dir='ltr'>duod]</span> <span class='ocrx_word' id='word_1_255' title='bbox 989 4022 1047 4084; x_wconf 78' lang='grc' dir='ltr'>καὶ</span> <span class='ocrx_word' id='word_1_256' title='bbox 1069 4017 1131 4086; x_wconf 76' lang='grc' dir='ltr'><strong><em>τοῦ</em></strong></span> <span class='ocrx_word' id='word_1_257' title='bbox 1157 4011 1254 4087; x_wconf 74' lang='lat' dir='ltr'>tuoe.</span> <span class='ocrx_word' id='word_1_258' title='bbox 1276 4019 1355 4092; x_wconf 88' lang='lat' dir='ltr'>Pal.</span> <span class='ocrx_word' id='word_1_259' title='bbox 1385 4018 1481 4119; x_wconf 79' lang='lat' dir='ltr'>quod</span> <span class='ocrx_word' id='word_1_260' title='bbox 1505 4021 1662 4094; x_wconf 81' lang='lat' dir='ltr'>retinere</span> <span class='ocrx_word' id='word_1_261' title='bbox 1686 4020 1782 4095; x_wconf 81' lang='lat' dir='ltr'>lieet.</span> 
     </span>
    </p>
   </div>
   <div class='ocr_carea' id='block_1_5' title="bbox 475 4249 1766 4339">
    <p class='ocr_par' dir='ltr' id='par_1_10' title="bbox 475 4249 1766 4339">
     <span class='ocr_line' id='line_1_27' title="bbox 475 4249 1766 4339; baseline -0.003 -15"><span class='ocrx_word' id='word_1_262' title='bbox 475 4254 521 4324; x_wconf 82' lang='lat'>4.</span> <span class='ocrx_word' id='word_1_263' title='bbox 563 4251 790 4339; x_wconf 74' lang='lat' dir='ltr'>Periplus</span> <span class='ocrx_word' id='word_1_264' title='bbox 817 4249 965 4324; x_wconf 82' lang='lat' dir='ltr'>Ponti</span> <span class='ocrx_word' id='word_1_265' title='bbox 991 4249 1171 4322; x_wconf 81' lang='lat' dir='ltr'>Euxini</span> <span class='ocrx_word' id='word_1_266' title='bbox 1197 4253 1247 4321; x_wconf 81' lang='lat' dir='ltr'>et</span> <span class='ocrx_word' id='word_1_267' title='bbox 1267 4251 1521 4323; x_wconf 76' lang='lat' dir='ltr'>Maeotidis</span> <span class='ocrx_word' id='word_1_268' title='bbox 1550 4253 1766 4326; x_wconf 68' lang='lat' dir='ltr'>Paludis.</span> 
     </span>
    </p>
   </div>
   <div class='ocr_carea' id='block_1_6' title="bbox 330 4426 1915 4667">
    <p class='ocr_par' dir='ltr' id='par_1_11' title="bbox 330 4426 1915 4667">
     <span class='ocr_line' id='line_1_28' title="bbox 335 4426 1915 4530; baseline -0.001 -26"><span class='ocrx_word' id='word_1_269' title='bbox 335 4492 339 4504; x_wconf 91' lang='lat'><strong>.</strong></span> <span class='ocrx_word' id='word_1_270' title='bbox 426 4429 487 4507; x_wconf 84' lang='lat' dir='ltr'>Sio</span> <span class='ocrx_word' id='word_1_271' title='bbox 515 4431 713 4530; x_wconf 86' lang='lat' dir='ltr'>oompilatio</span> <span class='ocrx_word' id='word_1_272' title='bbox 741 4429 868 4504; x_wconf 80' lang='lat' dir='ltr'>dieitur</span> <span class='ocrx_word' id='word_1_273' title='bbox 903 4427 1132 4528; x_wconf 77' lang='lat' dir='ltr'>(subscriptio</span> <span class='ocrx_word' id='word_1_274' title='bbox 1159 4426 1238 4500; x_wconf 81' lang='lat' dir='ltr'>Pal.</span> <span class='ocrx_word' id='word_1_275' title='bbox 1274 4429 1314 4500; x_wconf 91' lang='lat' dir='ltr'>in</span> <span class='ocrx_word' id='word_1_276' title='bbox 1347 4453 1419 4530; x_wconf 83' lang='lat' dir='ltr'>mg.</span> <span class='ocrx_word' id='word_1_277' title='bbox 1447 4434 1644 4511; x_wconf 80' lang='grc' dir='ltr'><strong><em>Μαιώτιδος</em></strong></span> <span class='ocrx_word' id='word_1_278' title='bbox 1671 4437 1786 4522; x_wconf 79' lang='grc' dir='ltr'><strong><em>λίμνης</em></strong></span> <span class='ocrx_word' id='word_1_279' title='bbox 1812 4442 1915 4527; x_wconf 78' lang='grc' dir='ltr'><strong><em>πορί-</em></strong></span> 
     </span>
     <span class='ocr_line' id='line_1_29' title="bbox 330 4561 1914 4667; baseline 0.006 -33"><span class='ocrx_word' id='word_1_280' title='bbox 330 4567 454 4664; x_wconf 84' lang='grc' dir='ltr'><strong><em>πλους)</em></strong></span> <span class='ocrx_word' id='word_1_281' title='bbox 479 4591 607 4667; x_wconf 83' lang='lat' dir='ltr'>parum</span> <span class='ocrx_word' id='word_1_282' title='bbox 634 4562 748 4662; x_wconf 80' lang='lat' dir='ltr'>perite</span> <span class='ocrx_word' id='word_1_283' title='bbox 773 4561 881 4654; x_wconf 83' lang='lat' dir='ltr'>facto,</span> <span class='ocrx_word' id='word_1_284' title='bbox 910 4586 1001 4661; x_wconf 80' lang='lat' dir='ltr'>quae</span> <span class='ocrx_word' id='word_1_285' title='bbox 1020 4561 1156 4634; x_wconf 84' lang='lat' dir='ltr'>indices</span> <span class='ocrx_word' id='word_1_286' title='bbox 1183 4585 1433 4636; x_wconf 82' lang='lat' dir='ltr'>mensurarum</span> <span class='ocrx_word' id='word_1_287' title='bbox 1452 4565 1528 4642; x_wconf 81' lang='lat' dir='ltr'>eive</span> <span class='ocrx_word' id='word_1_288' title='bbox 1545 4565 1788 4662; x_wconf 81' lang='lat' dir='ltr'>stadiaemum,</span> <span class='ocrx_word' id='word_1_289' title='bbox 1807 4593 1914 4667; x_wconf 80' lang='lat' dir='ltr'>saepe</span> 
     </span>
    </p>
   </div>
   <div class='ocr_carea' id='block_1_7' title="bbox 329 4695 1914 4886">
    <p class='ocr_par' dir='ltr' id='par_1_12' title="bbox 329 4695 1914 4886">
     <span class='ocr_line' id='line_1_30' title="bbox 329 4695 1914 4796; baseline 0.003 -24"><span class='ocrx_word' id='word_1_290' title='bbox 329 4723 410 4772; x_wconf 88' lang='lat' dir='ltr'>eum</span> <span class='ocrx_word' id='word_1_291' title='bbox 439 4701 592 4778; x_wconf 84' lang='lat' dir='ltr'>Arriano</span> <span class='ocrx_word' id='word_1_292' title='bbox 619 4695 908 4791; x_wconf 85' lang='lat' dir='ltr'>concordantem,</span> <span class='ocrx_word' id='word_1_293' title='bbox 944 4695 1047 4796; x_wconf 80' lang='lat' dir='ltr'>quasi</span> <span class='ocrx_word' id='word_1_294' title='bbox 1074 4719 1141 4796; x_wconf 83' lang='lat' dir='ltr'>per</span> <span class='ocrx_word' id='word_1_295' title='bbox 1163 4695 1362 4796; x_wconf 78' lang='lat' dir='ltr'>elegantiae</span> <span class='ocrx_word' id='word_1_296' title='bbox 1391 4697 1549 4774; x_wconf 77' lang='lat' dir='ltr'>studium</span> <span class='ocrx_word' id='word_1_297' title='bbox 1576 4701 1701 4778; x_wconf 75' lang='lat' dir='ltr'>miscet</span> <span class='ocrx_word' id='word_1_298' title='bbox 1725 4728 1806 4778; x_wconf 87' lang='lat' dir='ltr'>eum</span> <span class='ocrx_word' id='word_1_299' title='bbox 1834 4700 1914 4776; x_wconf 86' lang='lat' dir='ltr'>fru-</span> 
     </span>
     <span class='ocr_line' id='line_1_31' title="bbox 1517 4820 1537 4886; baseline 0 0"><span class='ocrx_word' id='word_1_300' title='bbox 1517 4820 1537 4886; x_wconf 73' lang='lat'>4</span> 
     </span>
    </p>
   </div>
   <div class='ocr_carea' id='block_1_8' title="bbox 0 0 2070 5642">
    <p class='ocr_par' dir='ltr' id='par_1_13' title="bbox 0 0 2070 5642">
     <span class='ocr_line' id='line_1_32' title="bbox 0 0 2070 5642; baseline 0 1"><span class='ocrx_word' id='word_1_301' title='bbox 0 0 2070 5642; x_wconf 95' lang='lat' dir='ltr'> </span> 
     </span>
    </p>
   </div>
  </div>
 </body>
</html>
