4130 5642
237 872 538 966 comminiscetur,
578 869 644 944 sed
672 867 929 969 subscriptores
957 870 1063 944 etiam
1091 876 1128 942 et
1163 874 1326 942 auctores
1363 865 1495 942 nemini
1524 878 1719 970 compertos
1756 892 1822 972 per

235 1007 412 1082 licentiam
440 1004 687 1104 exsculpserit.
754 1004 808 1077 Ac
836 1004 987 1077 subinde
1017 1002 1158 1076 dubites
1188 1025 1234 1073 an
1262 1001 1367 1074 homo
1393 1027 1506 1078 vanus
1536 1003 1675 1102 lepidas
1703 1003 1821 1078 sabel-

235 1141 290 1214 las
318 1165 365 1214 ex
394 1141 502 1214 animi
539 1138 714 1214 sententia
740 1138 950 1237 protulerit:
989 1137 1078 1210 adeo
1107 1135 1224 1210 serius
1252 1141 1288 1208 et
1318 1135 1507 1234 religiosus
1542 1136 1675 1236 ubique
1703 1147 1759 1211 est
1787 1149 1821 1214 et

235 1273 365 1346 bonam
392 1274 534 1347 simulat
560 1271 680 1346 lidern.
734 1269 883 1343 Accedit
909 1271 1006 1368 quod
1033 1270 1141 1344 huius
1169 1268 1326 1342 fabricae
1352 1277 1554 1342 constanter
1580 1270 1705 1344 eadern
1732 1274 1821 1346 ratio

231 1413 292 1479 est
320 1413 357 1480 et
392 1407 550 1480 narratio
585 1404 632 1478 dc
668 1404 785 1477 causis
820 1403 1004 1475 nominum
1042 1410 1077 1476 ct
1111 1402 1268 1477 mirificis
1304 1402 1465 1502 lapidum
1492 1401 1647 1476 viribusx
1683 1413 1723 1478 ut
1762 1407 1823 1504 qui

233 1563 347 1611 unum
374 1547 479 1638 caput
505 1539 621 1630 norit,
662 1538 769 1610 totius
797 1537 960 1633 opusculi
989 1536 1179 1609 decursum
1208 1543 1305 1611 certo
1332 1543 1549 1635 praesumat.
1614 1536 1727 1610 Porro
1754 1539 1823 1611 ho-

231 1672 340 1746 minis
365 1673 582 1748 cerebellum
610 1671 729 1770 arguit
763 1669 957 1768 aequabilis
986 1678 1023 1743 et
1063 1669 1334 1769 angustissimus
1368 1668 1603 1742 formularum
1629 1668 1823 1743 vocabulo-

233 1830 361 1878 rumve
390 1805 508 1895 orbis33
555 1805 687 1878 scilicet
722 1805 873 1903 scriptor
899 1801 1018 1876 infans
1048 1827 1190 1902 semper
1231 1803 1279 1876 ex
1308 1801 1433 1876 eadem
1460 1801 1602 1875 dicendi
1631 1812 1824 1877 consuetu·

234 1937 318 2011 dine
344 1937 497 2037 pendet:
536 1939 656 2038 itaque
696 1937 802 2012 huius
831 1936 1078 2010 observatione
1103 1935 1401 2032 Wyttcnbacbius
1435 1934 1541 2008 facile
1573 1937 1669 2008 locos
1698 1961 1824 2010 ernen-

234 2070 322 2143 dare
350 2072 466 2168 potuit
496 2078 531 2144 et
558 2071 736 2170 supplevit
763 2094 919 2142 mancos.
982 2069 1119 2161 Quodsi
1144 2067 1311 2144 fraudem
1332 2069 1477 2144 testium
1503 2070 1824 2144 commenticiorum

234 2209 458 2300 spectamus,
498 2202 624 2276 eadem
660 2205 812 2277 recurrit
851 2203 889 2275 in
925 2202 1045 2276 libello
1074 2202 1267 2292 historico,
1310 2203 1371 2300 qui
1399 2201 1465 2304 sub
1494 2202 1596 2274 titulo
1625 2197 1824 2275 Parallelo·

233 2361 315 2408 rum
341 2334 562 2410 Graecorum
591 2344 627 2409 et
647 2337 896 2410 ‘Romanorum
917 2337 956 2408 in
982 2336 1165 2410 Plutarchi
1191 2360 1320 2434 corpus
1347 2335 1513 2433 irrepsit3
1559 2358 1708 2435 eamque
1735 2361 1824 2410 cau·-

233 2493 311 2542 som
340 2469 465 2542 habuit
491 2468 543 2541 Is.
572 2467 749 2565 Vossius,
784 2480 826 2544 ut
851 2471 1031 2542 Parallela
1057 2477 1094 2543 et
1120 2470 1324 2568 congeriem
1350 2467 1396 2543 de
1422 2468 1628 2542 flmninibus
1656 2468 1701 2541 ad
1732 2494 1824 2542 eun-

234 2601 317 2676 dem
345 2609 524 2676 auctorem
550 2612 746 2682 revocaret.
814 2603 928 2676 Porro
957 2601 1111 2674 dubitari
1145 2610 1263 2700 potest
1289 2609 1409 2674 utrum
1439 2601 1638 2676 Graeculus
1670 2609 1824 2700 nugator

233 2740 343 2807 totam
371 2736 555 2807 materiam
584 2761 649 2809 suo
677 2738 795 2810 Marte
822 2734 1033 2809 confinxerit
1066 2743 1101 2810 et
1136 2735 1175 2808 in
1210 2735 1347 2806 loculos
1375 2742 1490 2808 certos
1525 2732 1736 2833 digesserit,
1777 2760 1824 2808 an

232 2880 351 2969 partes
379 2870 526 2942 insanae
554 2869 748 2968 sapientiae
777 2869 821 2942 ab
851 2870 929 2943 aliis
956 2869 1203 2943 disseminatas
1230 2867 1367 2966 primus
1394 2866 1520 2939 callide
1548 2866 1823 2941 concinnaverit.

233 2999 371 3074 Saltem
400 3025 443 3071 ca
469 3025 552 3098 pars
581 3002 689 3074 huius
716 3001 866 3100 opificii,
909 3028 1000 3101 quae
1029 3011 1194 3076 versatur
1221 3003 1260 3074 in
1285 3000 1421 3074 artibus
1449 3024 1671 3098 gemmarum
1704 3003 1824 3074 occul·

232 3132 279 3205 tis
311 3139 346 3204 et
372 3130 521 3224 divinis,
561 3131 720 3230 prosecta
749 3143 804 3206 est
833 3157 855 3206 a
891 3134 1076 3230 theurgis,
1115 3135 1176 3232 qui
1208 3134 1490 3231 superstitiosam
1516 3132 1711 3207 doctrinam
1740 3160 1824 3208 sae-

233 3267 314 3338 culo
344 3272 469 3363 quarto
498 3264 757 3338 studiosissime
795 3267 1051 3338 excoluerunt:
1092 3294 1128 3339 v.
1158 3264 1354 3338 Comment.
1392 3265 1437 3338 de
1464 3267 1636 3363 Dionysio
1675 3295 1711 3367 p.
1739 3271 1824 3342 506.

233 3400 309 3476 Nec
337 3399 467 3472 dosunt
501 3397 632 3473 indicia
669 3398 838 3495 mysticae
865 3398 1044 3472 doctrinae
1071 3401 1130 3472 vel
1164 3399 1351 3498 theurgiae
1375 3399 1510 3497 passim
1537 3425 1682 3499 sparsa:
1725 3402 1824 3474 velut

188 3527 189 3532 ’
233 3559 325 3634 quae
365 3533 410 3605 de
446 3534 673 3632 haruspicina
706 3533 744 3604 in
789 3534 883 3606 extis
912 3533 1096 3606 honrinum
1133 3534 1323 3632 leguntur,
1363 3533 1423 3604 vel
1452 3557 1474 3604 a
1503 3535 1614 3608 sacris
1642 3534 1823 3608 Boccbicis

233 3669 417 3761 sumptum
440 3659 532 3733 illud
557 3659 593 3733 5.
616 3687 653 3761 p.
676 3662 736 3734 12.
763 3664 824 3729 τὸν
853 3665 915 3748 μὲν
939 3665 1073 3752 πατέρα
1101 3663 1204 3744 δήσας
1231 3657 1367 3748 πλέοιτῷ
1389 3659 1485 3749 saep,
1514 3661 1611 3760 quod
1634 3687 1738 3735 secus
1764 3663 1825 3734 in·

233 3804 452 3900 terpretatur
474 3794 685 3869 Lobeckius
703 3795 886 3896 Aglaoph.
911 3823 949 3894 p.
965 3793 1052 3868 275.
1102 3794 1215 3867 Fictis
1242 3798 1364 3866 autem
1390 3793 1544 3868 testibus
1569 3775 1744 3869 historiae
1766 3794 1824 3869 fa·

106 3961 108 3968 ·
232 3929 371 4005 hularis
399 3938 553 4006 aetatem
576 3930 814 4026 Byzantinam
840 3955 920 4004 esse
945 3955 1050 4003 usam
1076 3929 1214 4021 sciunt,
1250 3928 1313 4028 qui
1336 3929 1493 4004 Melelae
1520 3930 1724 4005 Clrronicon
1755 3933 1824 4004 tri-

233 4075 364 4139 verunt
388 4075 452 4139 aut
475 4066 624 4141 Scholia
648 4065 847 4162 Odysseae.
900 4065 976 4140 Sed
1002 4071 1167 4137 auctores
1193 4062 1331 4138 subditi
1352 4089 1474 4138 remim
1498 4066 1721 4139 curiosarum
1744 4069 1824 4166 pri-

232 4226 332 4273 mum
358 4209 532 4298 apparent
556 4202 597 4274 in
619 4199 689 4274 hac
716 4201 798 4299 ipsa
823 4199 1031 4273 collectione
1056 4196 1223 4297 pluribus
1243 4199 1348 4272 lecta.
1409 4199 1521 4274 Velut
1544 4225 1566 4272 e
1591 4199 1733 4277 duobus
1762 4227 1822 4276 ca·

232 4334 369 4432 pitibus
394 4333 481 4408 libri
502 4333 548 4407 de
573 4334 801 4409 Fluminibus
825 4333 949 4408 hausit
973 4334 1027 4407 lo.
1052 4331 1182 4428 Lydus
1208 4331 1254 4406 de
1283 4331 1438 4406 mensib.
1464 4333 1532 4428 ΠΙ,
1560 4336 1598 4410 8.
1629 4335 1695 4431 (cl.
1720 4337 1821 4410 Ano-

233 4492 331 4562 nym.
360 4471 399 4543 in
434 4470 603 4544 Boisson.
635 4468 773 4542 Anecd.
799 4470 829 4543 Ι.
863 4497 900 4568 p.
926 4469 1032 4564 417.)
1091 4472 1277 4559 Δέρκυλλος
1304 4470 1345 4538 δέ
1374 4487 1478 4556 φησιν
1505 4466 1558 4538 ὅτι
1594 4471 1753 4552 γεννᾶται
1784 4471 1821 4536 ἐν

234 4601 284 4692 τῷ
308 4596 460 4703 Ὑδάσπῃ
494 4603 639 4695 ποταμῷ
671 4607 771 4681 λίθος
803 4608 913 4699 λυχνὶς
947 4607 1168 4692 καλούμενος·
1220 4600 1316 4682 οὗτος
1351 4606 1489 4694 σελήνης
1530 4603 1710 4692 αὐξομένης
1743 4599 1820 4691 ἦχον

237 4735 352 4832 (adde
377 4731 467 4826 aiod)
495 4741 661 4834 μελῳδίας
693 4739 894 4812 ἀποδίδωσι.
952 4747 1008 4810 καὶ
1040 4743 1079 4808 ὲν
1105 4737 1240 4832 Ἀρολρει
1266 4741 1305 4810 δὲ
1329 4739 1377 4832 τῷ
1407 4737 1553 4828 ποταμῷ
1575 4737 1633 4827 τῆς
1660 4739 1818 4828 Κελτικῆς
