4130 5642
1129 621 1172 705 ll

507 857 1104 938 raoenilllansionosPantlsioae.
1135 859 1340 940 Stadiaami.
1394 859 1578 942 Palladius
1607 863 1846 966 degentibus
1873 865 1937 942 ln·-

361 1047 364 1056 ,
458 991 585 1068 diae
611 999 647 1064 et
674 989 1003 1090 Bragmauihus.
1037 1034 1041 1044 ·

360 1169 446 1242 ΙΠ.
500 1165 711 1272 Periageses
749 1172 825 1245 sive
863 1173 971 1246 totius
998 1173 1120 1247 mundi
1148 1164 1400 1274 descriptiones
1435 1175 1716 1276 compendiarias
1730 1179 1789 1274 1).
1845 1163 1936 1253 Dio-

502 1305 628 1400 nysius
664 1304 832 1404 Perieget
833 1331 886 1378 es.
953 1304 1186 1408 Agathemeri
1218 1307 1487 1407 compendiaria
1508 1306 1694 1430 expositio.
1763 1308 1934 1384 Chresto-

359 1443 361 1452 “
501 1437 635 1510 mathia
663 1436 872 1532 Strabonis,
911 1441 942 1513 si
970 1441 1097 1540 placet.
1164 1439 1356 1598 Expositio
1387 1436 1495 1515 totius
1530 1441 1652 1516 mundi
1689 1452 1725 1517 et
1762 1445 1934 1544 gentium,

364 1563 366 1570 ’
447 1595 450 1602 ·
502 1570 697 1647 eGraecis
726 1597 844 1646 versa.

357 1723 361 1732 ³
449 1757 545 1828 Haeo
572 1754 690 1829 omnia
717 1756 806 1830 satis
830 1755 1012 1863 commode
1041 1755 1113 1830 duo
1149 1755 1329 1830 uolumina
1366 1755 1585 1860 implebunt,
1630 1757 1675 1865 si¹
1698 1757 1778 1854 quis
1809 1757 1933 1862 erudi·
1985 1845 1986 1852 ἵ

350 1892 435 1964 tioni
472 1913 618 1989 parcere
647 1889 746 1963 sciat.
810 1889 994 1964 Accedunt
1028 1888 1067 1960 in
1092 1887 1217 1962 ordine
1246 1888 1352 1961 tertio
1381 1859 1604 1961 collectiones
1623 1914 1756 1993 ¹rerum
1791 1889 1932 1972 notabi-

349 2025 455 2116 lium,
490 2022 618 2121 quihus
653 2023 815 2122 magistri
851 2022 1051 2095 scholarum
1088 2023 1139 2095 uti
1179 2018 1351 2094 solebant.
1422 2019 1564 2094 Etenim
1601 2020 1640 2094 hi
1677 2019 1930 2120 discipulorum

347 2157 539 2231 memmiae
567 2156 789 2228 inculcabant
813 2151 948 2225 indices
976 2153 1168 2227 civitatium
1197 2161 1232 2226 et
1260 2153 1506 2250 maximarum
1521 2153 1739 2228 insularum:
1767 2154 1805 2254 id
1833 2154 1929 2254 quod

348 2292 455 2364 etiam
478 2287 573 2386 apud
601 2286 783 2388 Hyginum
808 2288 839 2361 F
841 2338 851 2359 .
881 2292 967 2361 276.
1002 2287 1195 2362 ohservare
1228 2287 1329 2376 licet3
1353 2311 1415 2386 Aac
1446 2285 1516 2362 suit
1533 2287 1631 2380 ¹huic
1669 2287 1798 2390 similis
1833 2287 1929 2362 ludi-

346 2425 515 2524 magister
550 2422 611 2520 qui
648 2419 787 2516 Scylaoi
832 2421 898 2493 suh
938 2420 1048 2499 finem
1083 2420 1367 2498 obseruationem
1407 2420 1541 2528 seilicet
1580 2419 1720 2494 doctam
1755 2420 1929 2526 allineret.

346 2557 476 2632 Graeci
504 2555 647 2654 quidem
672 2555 881 2654 plerumque
904 2561 1041 2658 septem
1068 2555 1127 2631 val
1144 2560 1220 2629 octo
1247 2554 1421 2628 maximas
1446 2553 1582 2628 insulas
1613 2552 1758 2628 tradimt
1785 2579 1928 2627 eorum-

345 2716 414 2791 que
451 2689 593 2762 nomina
628 2688 777 2760 senariis
816 2687 1058 2761 incluseruntt
1095 2714 1131 2759 v.
1158 2685 1323 2760 Eustath.
1363 2667 1411 2762 in
1439 2688 1590 2786 Dionys.
1619 2691 1704 2762 568.
1739 2696 1782 2794 et
1810 2696 1928 2762 annot.

343 2852 377 2923 p.
409 2827 495 2898 928.
517 2821 609 2895 adde
638 2822 859 2895 Meinekium
887 2822 929 2894 in
954 2821 1086 2898 Comio.
1112 2818 1196 2892 Vol.
1222 2818 1291 2893 111.
1319 2845 1355 2918 p.
1385 2821 1470 2894 518.
1538 2818 1714 2918 Addatur
1729 2822 1926 2922 insularum

342 2958 537 3046 dimensio,
567 2979 672 3050 quam
699 2954 835 3051 primus
864 2951 962 3024 dedit
989 2952 1153 3026 Millerus
1181 2956 1261 3046 post
1288 2949 1510 3026 Maroiamuu
1537 2949 1679 3026 Herae.
1701 2978 1747 3052 p.
1763 2957 1848 3056 321.
1872 2979 1926 3054 sq.

343 3090 457 3161 Multo
484 3086 591 3158 latius
620 3107 704 3156 vero
733 3089 853 3182 patent
888 3081 1023 3155 indices
1054 3081 1250 3154 ciuitatium
1274 3082 1487 3184 illustrium,
1530 3109 1619 3183 quos
1649 3085 1796 3192 praehet
1824 3088 1926 3161 Ano-

343 3217 441 3310 nymi
475 3217 594 3280 Κανών
628 3209 803 3299 tricorpor
834 3212 967 3277 πόλεων
999 3208 1039 3281 in
1065 3207 1155 3282 Cod.
1177 3208 1300 3295 Paris.¹
1323 3210 1439 3284 2491.
1470 3210 1628 3316 itemque
1657 3212 1799 3288 codices
1822 3213 1926 3288 Lau&

341 3355 512 3450 rentiam,
553 3353 611 3426 rel
639 3351 849 3452 opusculum
884 3348 980 3450 apud
1007 3349 1171 3458 Boisson.
1198 3351 1336 3426 Aneod.
1369 3351 1401 3430 Ι.
1437 3378 1474 3452 p.
1501 3357 1700 3458 millu
1741 3318 1925 3428 Accedunt

339 3486 463 3561 inediti
491 3467 651 3583 Catalogi
694 3483 834 3555 urbium
860 3480 1080 3557 Graecarum
1106 3481 1310 3558 Florentiae
1338 3492 1374 3559 et
1401 3485 1555 3578 Matriti,
1584 3514 1618 3560 v.
1641 3486 1779 3559 Iriartis
1809 3484 1923 3561 codd.

341 3623 449 3710 Matr.
475 3645 517 3720 p.
542 3621 628 3696 305.
657 3641 762 3718 porro
790 3613 1021 3690 Enumeratio
1045 3614 1132 3696 XII·
1159 3616 1478 3738 Alexandrianum,
1517 3643 1624 3720 quam
1649 3618 1805 3732 prodidit
1828 3619 1921 3692 Ber·

341 3779 407 3852 ger
433 3752 478 3827 de
494 3752 632 3846 Xivrey
664 3748 819 3823 Tradit.
849 3742 1148 3848 te‘rutolopipues
1178 3754 1313 3848 [ι.316.
1341 3751 1482 3825 sivein
1503 3747 1659 3828 Norae
1682 3765 1720 3828 ct
1737 3751 1920 3826 Extraits

340 3883 389 3955 Τ.
412 3879 518 3955 Xlll.
551 3905 588 3977 p.
615 3877 701 3952 260.
736 3878 894 3980 itemque
932 3875 1123 3994 libellus
1110 3903 1151 3950 m
1191 3877 1287 3957 Bihl.
1322 3878 1509 3998 Parisina,
1541 3860 1639 3948 'oum
1678 3875 1746 3948 coir
1786 3883 1918 3948 πόλεων

341 4013 692 4102 μετωνομάσθησαν
678 4037 710 4088 ες
733 4009 893 4128 ὕστερον,
924 4037 995 4110 quo
1024 4007 1260 4088 Casauhonus
1294 4013 1410 4088 utitur
1446 3990 1485 4086 in
1511 4011 1701 4112 Lamprid.
1726 4013 1916 4114 Heliogab.

341 4184 377 4255 p.
406 4158 490 4228 869.
545 4151 759 4226 Omnino
729 4176 760 4223 ss
787 4123 876 4222 nihil
903 4152 971 4223 nisi
996 4177 1183 4227 recensum
1207 4153 1378 4228 montium
1406 4125 1590 4226 fluminum
1617 4154 1869 4229 insularum
1840 4179 1916 4227 sme

381 4452 411 4530 *)
432 4453 498 4510 Nam
520 4467 587 4526 quas
601 4449 759 4523 Periegeses
782 4449 926 4522 antiquitas
947 4447 1028 4506 docta
1046 4448 1209 4524 protulerat,
1230 4466 1278 4512 eae
1297 4390 1454 4526 spectabant
1473 4447 1506 4508 ad
1526 4449 1684 4534 diligentem
1704 4449 1913 4526 descriptionem

443 4549 585 4623 regionum
604 4554 631 4603 et
657 4545 796 4614 locorum,
818 4547 874 4602 sive
895 4545 1120 4622 chorographiam
1141 4545 1232 4604 dicere
1253 4547 1342 4621 placet
1362 4552 1390 4602 et
1410 4549 1635 4622 topographiam:
1657 4555 1688 4604 ut
1710 4563 1779 4620 quos
1801 4546 1914 4624 indicavi

444 4647 471 4703 in
491 4645 602 4718 dionys.
629 4659 659 4717 p.
680 4641 748 4700 520.
769 4655 809 4715 sq.
860 4639 963 4710 Quibus
990 4637 1120 4700 merdant
1147 4631 1267 4701 Socratis
1296 4638 1476 4724 περιήγηιις
1494 4635 1627 4724 ’Ἄργους
1654 4639 1702 4717 (de
1724 4660 1779 4718 qua
1801 4642 1913 4702 lleinel.

444 4743 519 4802 duel.
542 4743 619 4800 Ater.
639 4759 668 4817 p.
689 4739 770 4816 150.)
792 4747 820 4798 ct
839 4738 957 4798 Critonis
977 4739 1111 4798 Pieriotae
1132 4738 1312 4823 ⁸⁹2th
1331 4743 1544 4825 Συρακουσῶν
1561 4741 1633 4816 apud
1655 4739 1772 4801 Seritam.

1625 4849 1645 4916 2
1666 4848 1680 4881 s
