4130 5642
1031 566 1228 686 mu*

341 808 412 882 sihi
435 803 722 906 pollicebantur..
762 803 964 880 Enimvero
987 803 1052 878 hio
1072 829 1230 906 qunque.
1244 803 1339 880 fallit
1362 808 1503 906 speeies
1530 814 1567 880 et
1595 831 1718 884 rumor
1749 809 1921 888 incertus.

339 949 393 1023 Ao
420 949 572 1046 primum
600 948 632 1018 si
659 945 799 1020 honam'
817 954 852 1018 et
877 955 1065 1020 venustam
1091 948 1287 1020 orationem
1313 948 1537 1046 quaerimus,
1566 971 1647 1022 eam
1674 973 1768 1024 unus
1799 962 1921 1028 caten-2

340 1082 393 1155 dit
418 1081 682 1154 Arrianus.
744 1080 782 1153 Is
820 1081 1009 1177 proconsul
1045 1080 1233 1175 Bithyniae
1263 1105 1344 1152 cum
1380 1084 1538 1155 muneris
1566 1109 1674 1157 causa
1700 1092 1809 1159 totam
1846 1113 1923 1161 ma-

340 1218 390 1289 ris
413 1215 547 1288 Euxini
575 1240 674 1287 oram
700 1215 887 1307 lustraret,
929 1238 1021 1312 quae
1049 1212 1192 1311 quidem
1224 1212 1270 1286 ad
1305 1239 1383 1286 rem
1410 1215 1597 1290 militarem
1627 1226 1662 1291 et
1690 1219 1830 1317 publica
1857 1248 1923 1294 ne-

339 1345 439 1444 gotia
462 1341 692 1443 spectabant,
730 1340 875 1415 Latinis
911 1342 1175 1415 commentariis
1194 1339 1274 1440 ,(p.
1297 1341 1334 1416 6.
1364 1342 1400 1411 ἐν
1432 1351 1501 1421 τοῖς
1524 1339 1722 1432 Ῥωμαϊκοῖς
1748 1337 1924 1439 γράμμασι

339 1487 546 1572 γέγραπται,
572 1477 663 1552 adde
690 1504 727 1576 p.
755 1479 834 1574 10.)
858 1477 1017 1550 breviter
1043 1478 1285 1578 consignavit3
1318 1503 1411 1578 quae
1437 1486 1556 1553 autem
1581 1479 1768 1556 Hadriano
1793 1483 1924 1584 Augu·

338 1632 393 1696 sto
434 1621 542 1718 (huie
578 1621 682 1692 enim‘
699 1619 879 1718 inscripsit
910 1603 1096 1715 libellum)
1138 1621 1269 1718 quippe
1298 1616 1475 1693 Graeculo
1504 1629 1540 1694 et
1566 1621 1827 1696 reconditarum
1860 1625 1923 1698 lit-
1964 1694 1971 1706 x

338 1766 497 1828 terarum
525 1755 764 1827 amantissimo
799 1729 905 1825 sciret
926 1727 1116 1852 placitura,
1147 1777 1190 1826 ea
1217 1751 1320 1825 suavi
1346 1754 1549 1826 narratione
1580 1756 1739 1849 ornarit,
1768 1755 1923 1829 flosculis

339 1891 444 1964 otiam
484 1896 671 1988 poetarum
710 1887 894 1976 distincta3
943 1885 1096 1984 deniquo
1131 1885 1291 1958 libellum
1326 1886 1503 1984 comptula
1540 1887 1693 1985 quadam
1733 1887 1922 1987 elegantia,

339 2049 445 2124 quarn
471 2047 586 2120 usque
616 2020 662 2093 ad
687 2020 1003 2120 reprehensionem
1031 2020 1183 2111 affectat,
1213 2019 1264 2092 sio
1292 2021 1473 2113 coloravit,
1502 2028 1544 2092 ut
1570 2019 1715 2118 Periplo
1741 2020 1785 2099 P.
1812 2020 1856 2099 Ε.
1877 2022 1923 2095 de

339 2157 488 2232 Graccis
514 2156 652 2228 nullum
676 2155 897 2227 itinerarirun
924 2154 1037 2252 possit
1059 2152 1285 2252 aequiparari
1320 2147 1448 2226 melius
1478 2152 1709 2226 elaboratum.
1764 2154 1822 2228 Ab
1848 2155 1923 2228 Ar-

337 2293 439 2364 riano
466 2281 586 2362 tamen
614 2289 645 2360 si
672 2287 906 2379 discedimus,
935 2287 1026 2358 mira
1052 2287 1272 2386 reliquorum
1301 2293 1356 2359 est
1384 2271 1632 2379 mediocritas,
1662 2289 1924 2385 pertinatiam

339 2424 518 2516 conlusio,
554 2423 655 2494 velut
682 2419 861 2516 Scylacis:
895 2445 961 2492 nec
990 2420 1082 2492 male
1112 2419 1297 2492 nobiscum
1322 2427 1439 2492 actum
1466 2420 1627 2513 ridetur,
1661 2421 1693 2494 si
1720 2421 1923 2495 continuum

339 2559 464 2632 saltem
488 2581 530 2629 ae
556 2555 652 2629 satis·
670 2555 816 2652 planum
843 2569 1043 2646 sermenem
1067 2551 1217 2624 laudare
1246 2555 1350 2646 licet,
1393 2578 1510 2653 neque
1540 2553 1578 2625 in
1606 2553 1715 2627 aridis
1742 2555 1924 2628 nominum

336 2689 543 2765 recensihus
579 2689 735 2762 animum
770 2677 1011 2785 desporide'r'ea
1074 2684 1167 2759 Nem
1200 2687 1365 2782 Dionysii
1403 2687 1614 2784 Periegetac
1653 2671 1925 2786 parnenses

338 2824 515 2916 condicio,
545 2825 606 2921 qui
633 2822 814 2895 doctrinae
843 2809 1050 2893 tenuitatem
1071 2825 1279 2914 compensat
1303 2841 1384 2888 curn
1411 2817 1569 2888 artificiis
1597 2818 1803 2890 elocutionis
1832 2843 1923 2918 poe-

338 2959 440 3030 ticae.
502 2955 633 3026 Contra
657 2941 912 3049 praestantiam
940 2949 1140 3048 argumenti
1167 2950 1226 3022 vel
1253 2951 1444 3023 novitatem
1472 2947 1625 3022 fontium
1653 2950 1685 3023 si
1710 2957 1921 3048 spectamus,

339 3091 444 3187 plane
471 3073 668 3184 singulares
698 3091 736 3155 et
763 3084 823 3180 qui
848 3083 886 3155 in
911 3075 1078 3180 primario
1105 3083 1187 3156 loco
1209 3083 1403 3180 reponendi
1432 3082 1504 3156 sint
1529 3091 1652 3158 extant
1680 3083 1771 3177 duo,
1798 3054 1934 3158 Han·-v

338 3221 468 3295 nonis
489 3217 652 3317 periplus
675 3222 711 3289 et
722 3205 866 3288 Arriani
887 3215 947 3314 qni
963 3211 1317 3313 'derturPeriplus
1345 3216 1481 3289 maris
1499 3215 1761 3314 Erythraei:
1790 3219 1922 3317 quippe

337 3355 377 3428 hi
405 3371 503 3453 quae
523 3350 668 3426 tradunt
685 3356 755 3422 *aut
772 3349 850 3420 -soli
878 3349 1045 3421 uiderunt
1076 3345 1138 3424 aut
1156 3345 1399 3448 ¹praecipuam
1427 3373 1551 3422 eorum
1578 3351 1818 3424 auctoritatem
1850 3377 1922 3422 su·

339 3489 484 3560 atinent.
555 3482 674 3556 Ceteri
709 3480 870 3581 partibus
903 3487 1041 3553 tantum
1077 3488 1139 3553 aut
1173 3480 1321 3556 fortuita
1350 3507 1471 3557 rerrun
1502 3489 1722 3556 vetustarum
1749 3485 1921 3568 memoria

338 3619 479 3711 valent,
516 3624 557 3690 ut
581 3615 762 3690 Arrianus
784 3615 847 3687 illc
875 3639 994 3712 supra.
1011 3612 1229 3707 celebratus,
1259 3623 1301 3688 ut
1328 3615 1525 3711 Scymnus,
1553 3615 1639 3690 item
1667 3613 1920 3716 descriptiones

340 3751 523 3826 hominum
549 3749 748 3824 Atticorum
783 3755 818 3820 et
854 3747 1072 3821 menemus
1107 3771 1199 3846 quae
1237 3748 1330 3822 inter
1357 3749 1567 3823 Dicaearchi
1604 3748 1804 3848 fragmenta
1843 3753 1920 3850 (ap.

340 3885 553 3958 lludsonum
579 3907 616 3980 p.
636 3881 811 3976 8420.)
839 3878 1029 3970 idruntum
1067 3881 1225 3954 omniurn
1252 3889 1373 3956 autem
1396 3883 1540 3956 ruinime
1567 3884 1788 3956 necessarius
1816 3883 1919 3960 Mar-

340 4019 484 4113 cianus,
512 4017 573 4116 qui
599 4021 700 4088 totue
725 4013 1145 4111 chtclcmueopcndet.
1207 4014 1344 4106 Quodsi
1371 4039 1545 4104 summam
1573 4040 1622 4089 ex
1648 4016 1815 4092 amirersa
1843 4017 1920 4092 die·

340 4152 522 4252 putatione
551 4149 777 4240 conficimus,
795 4177 798 4185 ·
815 4147 936 4222 insunt
959 4145 1189 4247 Geographis
1219 4146 1438 4224 Graecorum
1472 4147 1665 4222 minorihus
1692 4140 1919 4226 monumrenta

340 4285 519 4386 pretiosa,
558 4283 665 4382 plura
682 4281 999 4380 'tamcnpuulgaria
1029 4283 1088 4362 rel
1115 4280 1325 4356 secundaria
1352 4284 1411 4356 rel
1447 4282 1498 4356 sie
1527 4289 1747 4380 comparata,
1784 4292 1825 4358 ut
1851 4307 1918 4383 per·

342 4417 553 4495 dissolutum
592 4414 780 4491 locdumre
803 4413 980 4505 ,habitum
1009 4413 1186 4488 :librorum
1217 4415 1262 4488 iis
1301 4413 1439 4515 pcrirui
1478 4419 1708 4516 nequeamus.
1790 4415 1918 4516 Itaque

339 4575 412 4626 non
436 4553 530 4628 malo
561 4550 607 4624 de
633 4549 737 4624 honis
764 4548 1129 4642 lilledo-merebitur,
1170 4549 1232 4650 qui
1250 4547 1451 4648 scriptores
1476 4550 1566 4624 illos
1585 4550 1624 4626 in
1650 4573 1779 4650 gyrum
1806 4550 1916 4625 artio-

749 4696 755 4731 r
790 4711 800 4734 a
848 4698 852 4711 ·
908 4685 937 4719 ἰ
969 4685 985 4731 a!
1520 4692 1540 4756 3
1661 4715 1665 4729 .
1764 4715 1767 4724 t
