4130 5642
487 1427 750 1581 Expectalicnc
785 1481 937 1556 celerius
970 1477 1101 1556 accidit
1132 1487 1173 1554 ut
1199 1480 1297 1555 uices
1328 1479 1461 1556 edendi
1492 1479 1607 1556 libelli
1642 1507 1709 1582 pcr
1734 1483 1967 1558 necessitates

388 1614 610 1693 academicae
634 1615 682 1690 ad
705 1641 763 1690 me
788 1615 1054 1690 dclaberentur.
1115 1615 1262 1690 Etenim
1287 1613 1383 1715 quod
1408 1618 1657 1714 opportunitas
1691 1618 1756 1695 illu
1789 1617 1970 1696 scribendi

387 1751 567 1849 plerisque
593 1759 696 1852 grata
720 1750 838 1824 videri
865 1752 967 1844 solet,
1001 1758 1042 1825 ut
1064 1752 1169 1826 vacui
1196 1776 1291 1824 nunc
1317 1752 1546 1850 quaestiones
1571 1753 1796 1828 intermissas
1821 1755 1880 1831 ,vel
1904 1779 1969 1827 ne-

387 1885 583 1986 gligentius
606 1885 751 1960 habitas
774 1893 953 1980 retexant,
977 1885 1306 1962 nuncsubsccivas
1323 1883 1524 1958 studiorum
1550 1894 1670 1985 partos
1696 1897 1868 1986 tanquam
1893 1891 1971 1960 lae·

386 2025 442 2090 tas
482 2019 727 2120 digressiones
773 2028 948 2095 exornent
990 2023 1208 2122 geniumque
1246 2044 1352 2092 suum
1386 2019 1585 2113 oblectent,
1635 2019 1791 2120 denique
1829 2047 1969 2094 errores

387 2153 599 2252 corrigendo
630 2156 767 2252 passim
796 2157 1015 2230 inveteratos
1038 2179 1162 2228 sanam
1186 2154 1381 2229 restituant
1407 2153 1624 2228 doctrinamz
1656 2154 1696 2228 id
1729 2155 1774 2228 ab
1799 2181 1880 2228 mea
1905 2182 1971 2229 vo-

385 2288 523 2361 luntatc
546 2314 696 2386 prorsus
724 2291 882 2364 alienum
906 2299 984 2384 cst,
1025 2316 1092 2364 nec
1115 2297 1235 2390 potest
1259 2291 1497 2364 cummaxime
1523 2291 1714 2390 quicquam
1737 2289 1828 2390 fingi
1853 2292 1971 2390 magis

386 2419 579 2502 adversum
614 2430 649 2496 et
681 2425 858 2523 iniquum.
917 2427 1059 2524 Quippe
1087 2427 1228 2498 animus
1261 2426 1525 2524 operosissimis
1558 2425 1743 2498 laboribus
1783 2425 1904 2498 fessus
1936 2433 1973 2496 et

386 2553 571 2630 districtim
578 2609 590 2650 ,
623 2583 776 2658 quonum
801 2561 892 2634 alios
918 2559 964 2632 ad
990 2546 1129 2633 exitum
1157 2558 1336 2634 adducere
1363 2587 1472 2661 cogor
1498 2560 1563 2632 diu
1595 2561 1768 2653 iactatos,
1797 2561 1887 2633 alios
1912 2585 1972 2632 rc·

385 2695 540 2764 tractare
564 2693 660 2764 curis
685 2691 874 2787 secundis,
898 2719 1016 2793 neque
1042 2696 1147 2768 novis
1169 2697 1289 2768 inhiat
1314 2695 1630 2793 occupationibus,
1665 2692 1809 2793 quando
1835 2695 1880 2766 ab
1907 2718 1972 2766 ve-

385 2823 523 2916 teribus
550 2824 736 2900 discedcro
767 2854 840 2901 non
869 2829 972 2921 licet,
1006 2853 1074 2899 noc
1108 2828 1309 2898 studiorum
1334 2828 1544 2897 varietatem
1570 2851 1618 2896 ex
1651 2827 1822 2898 miscellis
1858 2829 1971 2924 copiis

387 2960 565 3054 anquirit,
603 2983 684 3028 cum
709 2962 922 3055 praesertim
948 2983 1097 3055 operum
1130 2964 1379 3054 susceptorum
1402 2960 1484 3056 ipsa
1520 2965 1650 3030 natura
1676 2957 1810 3031 diffusa
1836 2961 1884 3032 sit
1909 2985 1971 3032 ea-

389 3113 459 3187 que
486 3087 668 3182 condicio,
696 3076 750 3163 'ut
784 3117 851 3188 por
884 3089 1156 3189 disquisitiones
1188 3100 1382 3190 perpetuas
1414 3093 1504 3165 alias
1538 3117 1585 3165 ex
1617 3094 1699 3166 aliis
1725 3093 1895 3167 serendas
1928 3120 1971 3168 ca

388 3225 651 3297 subnascentur
677 3232 714 3297 et
739 3226 990 3324 quaestionum
1016 3227 1130 3299 series
1156 3227 1196 3298 in
1219 3227 1351 3299 molem
1377 3234 1580 3300 succrescat
1605 3226 1795 3301 infinitam.
1844 3229 1970 3326 ltaque

387 3356 524 3430 dudum
555 3359 692 3430 invitus
724 3360 765 3430 in
795 3357 1025 3432 deverticulis
1057 3361 1259 3437 litterarum
1286 3367 1322 3433 et
1351 3362 1516 3460 parergis
1541 3362 1687 3446 ¹versari
1718 3364 1836 3455 soleo,
1878 3387 1970 3459 quo-

386 3517 467 3563 rum
492 3493 706 3565 suavitatem
738 3494 855 3592 magis
882 3495 1068 3591 aspernari
1106 3493 1220 3568 dobeo
1255 3521 1362 3594 quam
1397 3496 1553 3568 oblatam
1585 3497 1729 3588 fovere3
1761 3522 1827 3569 nec
1860 3497 1970 3568 mirer

388 3625 503 3725 siquis
527 3627 567 3698 in
591 3627 682 3700 istas
706 3627 864 3701 rationes
890 3636 1055 3730 argutam
1081 3630 1286 3729 Agathonis
1310 3655 1435 3702 vocem
1461 3630 1719 3704 accommodata

682 3765 721 3829 τὸ
747 3766 1007 3853 μὲνπάρεργον
1031 3763 1130 3852 ἔργον
1155 3763 1197 3840 uic
1220 3767 1427 3850 ποιούμεθα,

682 3898 721 3962 τὸ
744 3893 774 3962 δ’
798 3897 898 3986 ἔργον
923 3891 966 3973 ὥς
991 3901 1163 3987 πάρεργον
1187 3899 1435 3983 ἐκπονούμεθα.

485 4027 582 4099 Dum
616 4028 731 4128 igitur
766 4030 1036 4128 circumspicio,
1086 4031 1182 4129 quod
1217 4042 1468 4134 argumentum
1498 4058 1580 4105 curn
1617 4029 1765 4103 minimo
1798 4033 1969 4130 temporis

388 4161 578 4260 dispendio
601 4164 737 4259 possim
760 4161 940 4257 delibare,
965 4167 1122 4262 primum
1142 4165 1181 4238 in
1206 4169 1329 4240 oculos
1355 4169 1544 4240 incurrunt
1569 4167 1762 4264 scriptores
1788 4167 1873 4239 olim
1898 4167 1971 4235 ini·

386 4300 448 4372 tiis
484 4297 686 4371 studiorum
722 4325 885 4373 meorum
908 4301 1087 4395 inchoati,
1120 4301 1257 4375 dudum
1289 4328 1375 4374 vcro
1407 4299 1575 4375 manibus
1611 4303 1725 4400 elapsi
1759 4308 1795 4372 et
1827 4298 1970 4398 placida

388 4425 506 4524 quiete
542 4426 694 4521 reposti,
744 4425 1047 4526 Geographos
1088 4427 1166 4500 dico
1201 4427 1479 4502 Graecorum
1517 4430 1728 4501 minores.
1794 4426 1853 4498 De
1889 4427 1971 4525 qui·

389 4555 456 4633 bus
477 4565 530 4662 ut
555 4557 712 4633 adducar
749 4558 924 4657 quaedam
961 4561 1095 4636 utiliter
1134 4561 1172 4633 in
1211 4561 1368 4636 medium
1405 4561 1561 4660 proferri
1602 4585 1730 4659 posse,
1771 4561 1970 4658 complures

390 4692 507 4764 valent
541 4717 681 4766 causae.
751 4691 893 4766 Scilicet
927 4717 1056 4794 parurn
1082 4693 1200 4766 adbuc
1233 4703 1375 4768 cautum
1402 4694 1544 4770 videtur
1574 4702 1615 4768 ut
1646 4694 1842 4768 collectioni
1871 4689 1971 4765 Geo-

1655 4815 1673 4880 1
