4130 5642
1019 565 1217 686 A„

325 806 491 908 tanquam
518 807 659 906 privum
686 803 894 905 scriptorem
920 803 959 875 in
986 783 1102 880 lucem
1128 807 1323 907 protraxit,
1364 815 1500 881 certum
1535 833 1640 884 suum
1675 814 1793 885 locum
1819 814 1913 887 obti-

323 943 442 1015 nuerit
468 939 561 1015 inter
576 969 579 974 ¹
596 939 768 1040 opuscula
796 934 1029 1032 secundaria,
1072 965 1165 1040 qrme
1204 941 1313 1015 rebus
1341 940 1541 1015 Alexandri
1577 943 1785 1020 decorandis
1813 955 1911 1021 setas

322 1073 506 1148 bominum
532 1074 808 1172 Byzantinorum
839 1071 987 1144 invenit.
1055 1071 1161 1147 Adde
1187 1075 1283 1174 quod
1317 1099 1441 1148 recens
1470 1076 1576 1148 etiem
1595 1076 1712 1149 codex
1743 1077 1784 1150 C.
1813 1081 1913 1153 eius-

321 1207 405 1280 dem
428 1207 543 1305 capite
575 1211 755 1281 12—16.
793 1204 989 1303 decerpsit,
1026 1207 1086 1280 cui
1108 1208 1286 1281 Miillerus
1314 1208 1559 1308 obtemperare
1590 1211 1691 1282 solet.
1761 1209 1837 1286 Sed
1867 1212 1912 1285 de

320 1341 389 1414 boc
412 1341 474 1413 alii
503 1339 677 1430 viderint3
704 1337 795 1411 illud
822 1338 1084 1438 manuninum·
1101 1347 1137 1413 et
1164 1342 1400 1416 cummaxime
1429 1342 1642 1436 notandum,
1677 1344 1911 1440 praestantis-

320 1474 409 1554 simo
439 1472 549 1546 codici
576 1473 739 1546 Parisino
776 1479 813 1544 et
843 1470 1043 1545 industriae
1068 1474 1215 1547 Miillcri
1250 1474 1318 1547 hoc
1348 1474 1493 1568 deberi,
1534 1501 1650 1549 sermo
1679 1474 1909 1548 Palladianus

318 1616 360 1681 ut
386 1608 596 1706 plemmqne
623 1606 815 1704 castigatus
850 1613 887 1679 et
924 1605 968 1677 ab
1007 1606 1222 1703 turpissimis
1256 1607 1587 1706 interpolationibus
1627 1609 1794 1682 immunis
1832 1607 1910 1682 lere

318 1741 410 1814 citro
437 1741 668 1813 offensionem
695 1739 768 1838 legi
797 1747 916 1839 queat.
986 1735 1130 1812 Etenim
1162 1741 1456 1838 interpolatorum
1484 1741 1627 1813 licentio
1653 1741 1796 1840 longius
1824 1766 1911 1841 pro·

319 1873 427 1946 cessit
452 1897 559 1972 quem
595 1873 635 1944 in
669 1871 733 1945 tali
761 1871 933 1971 scriptore
961 1873 1149 1972 quisquam
1177 1880 1352 1972 expectet.
1418 1872 1531 1946 Velut
1560 1873 1643 1944 olim
1677 1901 1724 1970 p.¹
1743 1877 1778 1947 7.
1807 1875 1910 1972 lege-

317 1999 463 2093 bantur,
513 1996 625 2075 Ούτως
652 2001 693 2068 δέ
717 2017 824 2088 φησιν
847 2001 884 2068 ὲν
907 1998 949 2097 τῇ
972 2000 1108 2084 ἑξαετίᾳ
1142 1999 1312 2090 ἠδυνήθην
1335 2003 1481 2070 πλεῖστα
1509 2002 1547 2068 ὲκ
1581 2000 1637 2088 τῆς
1665 2003 1816 2087 γλώσσης
1842 1999 1910 2067 αύ-

317 2136 385 2207 τλδν
411 2137 691 2224 σημειώσασθαι,
720 2133 764 2202 δι’
789 2129 837 2204 civ
862 2141 918 2205 καὶ
943 2139 987 2204 col
1012 2138 1120 2204 λοιπά
1143 2134 1230 2224 ἔθνη
1254 2138 1456 2223 μεμάθηκαε
1483 2159 1636 2232 quorum
1661 2160 1757 2207 nunc
1781 2135 1908 2232 purior

317 2279 373 2344 est
399 2271 514 2344 oratio
541 2270 645 2362 lulis,
680 2265 793 2347 Ούτως
829 2272 866 2342 δὲ
891 2269 1062 2360 ἦύυνηθην
1094 2272 1131 2339 ἐν
1156 2269 1198 2368 τῇ
1231 2271 1366 2355 ἑξαετύρ
1391 2272 1503 2337 πολλοὶ
1528 2269 1565 2336 ἐκ
1598 2268 1661 2336 τοῦ
1697 2271 1782 2336 κατὰ
1809 2273 1908 2358 μέρος

317 2405 374 2492 τῆς
393 2407 544 2488 γλώσσης
568 2403 681 2474 αύτοῖν
706 2411 835 2491 μαθεῖν
861 2412 917 2472 καὶ
941 2409 983 2472 τά
1009 2410 1247 2494 παρακείμενα
1271 2404 1367 2486 ἔθνη.
1422 2402 1536 2476 Porro
1558 2402 1685 2475 haeret
1709 2402 1906 2475 etiamnum

316 2537 604 2618 additamentum
630 2540 664 2608 ol
687 2538 787 2627 μῆνες
811 2539 935 2608 ἐκεῖνον
956 2566 994 2637 p.
1014 2539 1053 2612 0.
1068 2536 1195 2634 (105.)
1219 2539 1307 2612 item
1332 2536 1499 2610 inficetus
1526 2561 1644 2612 sermo
1668 2564 1706 2636 p.
1725 2539 1784 2611 17.
1802 2537 1907 2632 (107.

314 2675 362 2770 f.)
396 2673 437 2743 ού
461 2677 608 2750 πολλούς
641 2676 760 2757 λόγους
786 2676 938 2757 λέγοντες
971 2679 1026 2746 καὶ
1051 2671 1265 2754 σιωπῶντες,
1295 2670 1361 2744 ubi
1388 2671 1514 2744 debuit
1539 2698 1621 2744 cum
1643 2673 1691 2744 A.
1723 2671 1764 2740 ού
1795 2675 1908 2740 πολλοὶ

314 2812 465 2894 λέγοντες
491 2809 675 2896 σιωπῶμεν
701 2811 779 2886 τούς
805 2812 953 2885 πολλούς
979 2812 1116 2890 λύγους,
1148 2814 1211 2878 eut
1235 2806 1388 2901 amplior
1410 2804 1545 2874 lacinia
1571 2830 1609 2900 p.
1630 2777 1696 2878 ¹20.
1723 2803 1752 2878 s.
1778 2805 1905 2893 (109.)

317 2942 351 3020 ὃς
378 2953 417 3012 ἐν
437 2941 500 3038 {lep
526 2942 705 3010 ἀνάκειται
728 2943 786 3010 ἐπὶ
812 2944 972 3028 φύλλοις,
1006 2942 1042 3007 ἐν
1067 2941 1181 3036 εἰρήνη
1209 2939 1304 3021 ἐγγύς
1324 2937 1409 3023 ἔχων
1432 2941 1540 3026 πηγήν
1566 2936 1684 3038 (vulg.
1711 2938 1745 3016 ὃς
1772 2942 1906 3030 εἰρήνην

314 3078 409 3160 ἐγγύς
434 3077 504 3164 ἔχει
528 3076 653 3165 πηγην)
685 3077 773 3157 κτλ,
814 3099 906 3172 quoe
934 3074 1056 3154 omnio
1080 3097 1271 3172 perperam
1297 3097 1345 3144 ex
1369 3071 1643 3170 insequentibus
1669 3074 1906 3172 irrepserunt.

315 3213 396 3306 Quo
420 3210 538 3310 magis
565 3205 763 3308 optandum
795 3215 872 3282 erat
899 3215 942 3282 ut
964 3208 1141 3285 Miillerus
1174 3206 1221 3280 ad
1254 3205 1363 3283 fidem
1395 3206 1481 3281 libri
1515 3209 1574 3282 sui
1606 3210 1715 3306 poulo
1743 3210 1905 3283 severius

315 3347 435 3420 omnia
462 3348 627 3446 exigeret
651 3343 866 3441 pleniusque
890 3343 1034 3416 Bissoei
1058 3344 1257 3442 scripturas
1283 3349 1457 3416 enotaret·
1519 3341 1724 3416 Subsistam
1748 3342 1788 3415 in
1813 3342 1905 3414 duo-

313 3481 385 3552 bus
406 3480 518 3566 locis,
542 3503 696 3576 quorum
721 3477 874 3556 alterum
899 3502 936 3576 p.
962 3479 998 3550 2.
1024 3476 1149 3574 (102.)
1174 3479 1227 3552 sic
1250 3476 1383 3570 edidit,
1408 3477 1542 3575 partim
1566 3503 1634 3576 ope
1658 3479 1902 3552 coniecturae:

316 3623 381 3686 roe
407 3613 511 3704 ἀγρίῳ
539 3617 687 3700 καύματι
708 3619 852 3703 ληφθεὶς
878 3617 1021 3705 τοιούτῳ
1056 3615 1148 3695 ὄντι,
1182 3608 1263 3688 ώςτε
1288 3614 1327 3678 τὸ
1352 3608 1442 3702 ὕδωρ
1470 3613 1506 3680 ὲκ
1534 3611 1590 3701 τῆς
1618 3612 1722 3700 πηγῆς
1748 3611 1903 3700 ἀναβλύ-

318 3755 372 3830 ζον
398 3753 615 3843 ψυχρότατον
638 3752 687 3826 εἷς
714 3744 923 3839 desererer,
947 3755 1090 3841 ιληφθὲν
1116 3751 1152 3818 ἐν
1175 3747 1321 3832 ἀγγείοις
1346 3747 1552 3837 παραχρῆμα
1583 3747 1792 3836 ἀναοράζειν.
1854 3747 1904 3821 At

314 3886 361 3959 A.
387 3892 452 3954 Καὶ
478 3883 583 3975 ἀγρίῳ
616 3910 643 3950 κ.
668 3886 825 3971 ληφθεὶς,
839 3878 881 3963 ἀς
906 3885 969 3956 τοῦ
995 3882 1116 3962 idaeos
1142 3937 1150 3954 .
1175 3935 1182 3952 .
1208 3883 1453 3969 ἀναβλύζοντος
1478 3886 1693 3975 ψυχροτάτου
1719 3885 1767 3960 εἰς
1794 3877 1823 3952 ἀ.
1848 3890 1903 3952 καὶ

315 4023 503 4110 ληφθέντος
522 4017 605 4094 eve
624 4043 660 4087 π.
680 4015 1073 4121 ἀναυροέζοντοςε,“ηαοῐη
1093 4029 1311 4096 structuram
1332 4045 1414 4095 cum
1435 4025 1606 4118 agnoscat
1630 4017 1740 4093 etiem
1758 4017 1901 4094 Bissoei

316 4154 455 4247 codex,
479 4160 631 4253 apparet
654 4152 799 4228 restitui
824 4163 1013 4254 oportere,
1038 4164 1104 4226 Καὶ
1129 4157 1236 4248 ἀγρίῳ
1262 4159 1411 4243 καύματι
1441 4157 1597 4241 ληφθείς,
1624 4146 1667 4230 oie
1692 4153 1754 4222 τού
1778 4149 1900 4230 ύδατος

315 4290 376 4360 τού
399 4291 434 4360 ἐκ
462 4289 519 4376 τῆς
547 4288 651 4376 πηγῆς
677 4287 920 4376 ἀναβλύζοντος
954 4294 1171 4382 ψυχροτάτου
1204 4293 1252 4367 eie
1278 4284 1485 4378 ύπερβολύν,
1532 4290 1766 4376 καλυφθέντος
1793 4290 1830 4358 δὲ
1863 4284 1900 4356 ἒν

316 4423 351 4496 d.
372 4451 409 4494 π.
434 4422 689 4514 ἀναάρᾶζοντος.
745 4424 850 4498 Alter
881 4424 930 4500 sit
961 4451 999 4524 p.
1024 4425 1062 4502 6.
1100 4425 1226 4519 (100.)
1262 4424 1315 4498 sio
1340 4423 1531 4524 vulgabunt
1568 4430 1634 4492 Καὶ
1665 4423 1744 4494 οὔτε
1776 4423 1899 4492 ἐκεῖνοι

314 4557 465 4644 ἐδέχοντο
489 4563 550 4646 την
574 4556 847 4646 cinctoriumque
873 4563 957 4646 tutu
982 4586 1048 4638 ,-·
1079 4559 1158 4632 edre
1185 4560 1223 4632 di
1246 4557 1310 4642 ἒγώ
1336 4562 1397 4638 τώς
1422 4557 1503 4648 παρ’
1527 4558 1664 4626 ἐκείνων
1688 4560 1736 4636 εἰς
1758 4557 1816 4644 ἐμὲ
1840 4582 1897 4640 γι-

317 4699 455 4779 νομύνας
479 4694 660 4783 ἐγνώριζον
685 4687 852 4775 edessae,
886 4691 964 4766 oder
986 4697 1064 4786 γὰρ,
1079 4696 1140 4782 την
1167 4693 1326 4778 γλώσσαν
1342 4689 1468 4774 Ιαύτών
1493 4691 1700 4784 ἐπιστάμην,
1730 4694 1835 4780 μόνον
1860 4691 1899 4760 δὲ
