4130 5642
930 575 1127 742 L

239 859 533 959 Λατοφαγισίύος]
568 864 628 948 τὴν
661 865 900 949 Λωτοφαγῖσιν
932 860 1045 938 MSS.
1089 865 1150 950 τὴν
1185 859 1448 948 Λαιοφαγιοίδα
1478 858 1744 964 Wessaiingius
1778 863 1819 936 in

237 1000 364 1073 [finer.
389 1026 427 1096 p.
453 997 540 1072 519.
603 995 664 1090 16,
688 997 726 1070 8.
751 996 863 1092 Krios]
890 1003 975 1066 Κεία
998 993 1110 1071 MSS.
1181 996 1241 1088 17,
1271 993 1331 1067 19.
1357 993 1621 1090 ἀπολελεγμένοι]
1642 996 1819 1086 darsiria-

238 1142 342 1220 γμένα
367 1131 478 1208 MSS·
536 1133 599 1205 22.
637 1126 680 1208 cic
714 1133 901 1224 ἐγχειριδίῳ
933 1129 1099 1230 συνελεῖν]
1137 1125 1180 1208 οἷς
1205 1129 1242 1198 ἐν
1266 1137 1384 1220 βραχεῖ
1413 1133 1565 1198 συνελεῖν
1596 1129 1708 1206 MSS.
1754 1133 1819 1204 21.

238 1266 354 1364 αύιός]
382 1262 400 1334 ὅ
424 1264 727 1366 praemittendum
753 1291 834 1339 cum
856 1263 970 1342 MSS.
1018 1267 1115 1340 Dein
1136 1264 1185 1334 ἐπ’
1213 1265 1417 1356 ἀμφοτέροις
1444 1272 1604 1363 praestat
1629 1291 1709 1338 cum
1734 1267 1821 1340 Par.

236 1403 273 1490 b.
333 1403 395 1495 23,
422 1403 458 1475 3.
490 1403 547 1490 τῆς
573 1402 645 1497 γῆς]
681 1406 720 1470 cd
752 1404 987 1501 praemittunt
1009 1400 1121 1477 MSS.
1155 1400 1216 1500 qui
1253 1399 1421 1473 continuo
1449 1407 1546 1472 recto
1577 1399 1663 1468 ἕσσω
1695 1421 1752 1469 σοι
1785 1400 1838 1468 δ”

237 1534 281 1614 οἷς
307 1538 425 1639 (vulg.
451 1538 530 1635 ἕως)
566 1539 602 1608 ἐν
636 1533 870 1624 ὑποδείγματι.
929 1537 993 1632 25,
1018 1539 1056 1610 8.
1090 1542 1147 1604 καὶ
1170 1535 1321 1629 σφόδρα]
1356 1557 1395 1618 γε
1425 1531 1563 1606 addunt
1588 1533 1701 1610 MSS.
1751 1536 1820 1609 23.

236 1675 292 1740 ἐπὶ
318 1676 355 1741 δὲ
380 1673 454 1766 τὸν]
494 1673 550 1741 ἐπὶ
583 1675 620 1741 δὲ
652 1673 713 1740 τοῦ
747 1671 934 1746 emendate
958 1670 1072 1747 MSS.
1132 1669 1194 1764 26,
1219 1669 1257 1743 4.
1284 1671 1343 1738 dea
1368 1666 1485 1767 ccicc]
1518 1668 1611 1742 Cum
1635 1670 1767 1744 iisdem
1793 1674 1819 1744 l.

237 1809 295 1874 δια
321 1811 451 1876 τούτου.
508 1809 569 1880 27.
603 1815 697 1882 extr.
720 1807 874 1910 Refinge
899 1825 1047 1907 pravam
1070 1805 1336 1880 distinctionem
1361 1805 1434 1879 sic:
1463 1805 1548 1873 Ἰδού
1573 1825 1629 1874 σοι
1657 1813 1712 1874 καί
1736 1810 1820 1875 σού-

155 1951 156 1954 ’
237 1967 297 2010 σου
330 1945 391 2028 τὴν
417 1944 516 2009 λύσιν
551 1936 595 2018 οἷς
629 1939 668 2030 ἢν
700 1945 847 2012 δυνατόν
871 1945 908 2012 ἐν
939 1944 1089 2035 ἐπιπέδῳ
1116 1941 1238 2029 νοῆσαι
1270 1943 1578 2031 παραδεδώκαμεν·
1610 1941 1821 2032 εύιιολοίσερα

236 2073 308 2170 (sie
331 2075 416 2148 Par.
444 2101 478 2149 a.
502 2100 569 2173 pro
594 2075 842 2172 εύκολωσέριος)
869 2077 905 2144 δ’
929 2074 971 2145 civ
998 2080 1066 2145 καί.
1126 2077 1196 2169 28,
1221 2077 1260 2148 4.
1295 2077 1473 2163 οἰκουμένη
1499 2074 1612 2167 πᾶσα]
1645 2070 1822 2174 ἧφιεεῆ-

237 2210 291 2309 git
315 2235 348 2281 a.
407 2211 476 2303 28,
503 2212 564 2283 17.
598 2212 764 2284 lacunam
795 2211 847 2284 ita
871 2209 983 2286 MSS.
1010 2213 1178 2310 explent,
1210 2208 1263 2298 ἐφ’
1288 2210 1447 2300 ἑκατέρου
1472 2210 1534 2278 τοῦ
1558 2213 1678 2300 μέροος
1705 2209 1739 2285 ὃς
1766 2217 1822 2278 καὶ

237 2345 337 2420 αύσὸς
363 2348 589 2435 παράλληλον.
655 2346 717 2418 30.
749 2345 903 2420 Meliora
927 2343 1040 2422 MSS.
1075 2346 1145 2414 ἀλλ’
1178 2347 1308 2436 εἴρηται
1334 2339 1355 2432 ἧ
1379 2347 1475 2414 uicta
1499 2342 1553 2413 ότι
1567 2339 1598 2412 ό
1623 2347 1822 2433 ἰσημερινός.

237 2481 299 2573 29,
327 2481 389 2552 23.
421 2481 489 2549 σοῖν
515 2489 598 2554 anta
633 2484 803 2567 κλιμάτων
831 2483 925 2552 MSS.
975 2480 1090 2556 Edem
1123 2481 1187 2556 29.
1221 2479 1289 2566 ixa
1313 2506 1351 2551 σε
1375 2480 1489 2568 μῆκος.
1544 2479 1609 2572 30,
1635 2477 1672 2553 5.
1706 2481 1821 2553 vicem

237 2617 388 2687 lacunae
413 2617 506 2684 MSS.
543 2611 562 2681 ό
588 2615 721 2704 πρῶτος
748 2620 833 2706 πρός
868 2620 968 2685 νότον
990 2617 1206 2705 παρόλληλος
1239 2613 1374 2698 ἀπέχων
1394 2614 1458 2684 τοῦ
1492 2614 1697 2701 ίσημερινοῦ.
1760 2616 1821 2687 12.

238 2749 407 2844 δηλονότι]
434 2746 584 2821 Addunt
608 2749 679 2832 τοῦ,
713 2749 801 2824 item
826 2751 889 2822 24.
914 2753 953 2818 σὸ
980 2757 1062 2823 ante
1090 2752 1256 2838 δεύτερον.
1312 2749 1374 2843 31,
1401 2749 1437 2821 1.
1465 2748 1641 2844 ἐντεῦθεν]
1668 2751 1820 2818 ἐνταῦθα

236 2884 330 2955 MSS.
393 2885 462 2976 32,
487 2885 525 2954 4.
551 2879 631 2978 cide]
668 2889 723 2951 καὶ
747 2883 993 2984 praemittunt.
1057 2885 1126 2975 34,
1152 2881 1215 2955 25.
1243 2880 1355 2980 σῆςδε]
1390 2881 1541 2956 Addunt
1564 2884 1630 2971 τῆς.
1655 2931 1656 2940 ο
1684 2883 1756 2976 35,
1783 2887 1821 2956 2.

236 3014 399 3086 Firmant
422 3017 607 3090 meliorem
633 3018 810 3090 rationem
834 3019 1035 3086 ἐννακόσιοι.
1091 3019 1153 3111 37,
1181 3017 1242 3090 12.
1269 3017 1473 3110 νενευκυῖαι]
1501 3024 1694 3103 νενεύκασι,
1724 3018 1820 3119 quod

238 3156 417 3222 structura
441 3151 578 3248 poscit,
604 3153 699 3220 MSS.
766 3151 826 3242 38,
852 3153 913 3224 10.
933 3146 1103 3248 Ῥαιιίαν]
1130 3151 1281 3224 Addunt
1305 3157 1384 3238 μίν,
1397 3153 1495 3225 'item
1521 3155 1583 3244 39,
1610 3153 1646 3227 5.
1672 3183 1711 3250 οη
1738 3149 1824 3228 ante

238 3286 338 3352 καίτοι.
388 3286 451 3376 42,
481 3281 540 3357 17.
566 3287 650 3370 μετὰ
678 3286 878 3382 σύμπασαν]
905 3289 991 3372 μετὰ
1019 3289 1139 3372 δὲτὴν
1164 3289 1349 3373 σύμπασαν
1375 3288 1468 3356 MSS.
1517 3287 1579 3378 44,
1597 3286 1642 3358 ’1.
1675 3287 1717 3383 τῇ
1739 3288 1820 3356 Ἀσ-

236 3420 354 3514 σορίᾳ]
378 3426 438 3507 μὲν
463 3421 709 3518 interponunt.
768 3416 830 3512 45,
858 3419 918 3492 15.
946 3425 1086 3508 μεγίστη
1108 3425 1168 3506 μὲν
1193 3419 1399 3518 ἀναφανείη]
1425 3419 1528 3522 Lege
1553 3447 1634 3494 cum
1658 3423 1751 3495 MSS.
1778 3421 1821 3490 civ

236 3561 367 3643 φανείη.
423 3557 487 3649 47,
517 3557 578 3628 22.
607 3561 662 3623 καὶ
686 3558 747 3642 την
772 3559 945 3641 Δούβαιόα
968 3559 1061 3626 MSS.
1109 3555 1186 3650 51,
1214 3556 1461 3646 15.ἰια3όπερ
1489 3552 1583 3655 ἡμῖν]
1623 3562 1717 3626 καθα
1751 3559 1824 3648 παῤ

236 3688 314 3779 ἡμῖν
339 3693 432 3761 MSS.
484 3690 547 3784 54,
572 3691 610 3766 9.
635 3690 702 3759 τῶν
729 3691 856 3787 ἄλλων]
883 3689 1033 3765 Addunt
1054 3691 1139 3774 τῶν,
1160 3692 1248 3766 item
1272 3696 1312 3761 τό
1339 3699 1422 3763 ante
1446 3692 1515 3758 dud
1543 3691 1604 3783 55,
1633 3695 1693 3766 11.
1760 3695 1822 3784 57,

239 3829 299 3899 14.
324 3829 558 3917 πληρούμενον
583 3827 676 3895 MSS.
734 3823 795 3917 59,
823 3825 859 3898 1.
882 3826 919 3894 ἐν
944 3821 986 3920 ιη’]
1015 3824 1164 3899 Addunt
1188 3828 1258 3896 δύο.
1300 3825 1380 3918 ·60,
1406 3829 1444 3898 4.
1479 3826 1682 3924 caducam]
1709 3829 1822 3901 Recte

238 3960 476 4030 ἀναπέπταται
502 3962 596 4030 MSS.
703 3981 705 3986 ’
1462 3993 1465 4000 “

337 4092 412 4167 Sed
446 4096 636 4168 redeamus
661 4095 701 4166 in
724 4093 822 4166 viam
846 4121 894 4168 ex
918 4095 1154 4196 Agathemeri
1186 4094 1429 4169 deverticulia
1493 4093 1639 4168 Dictum
1671 4096 1711 4167 in
1745 4097 1824 4194 pri-

236 4227 376 4303 mordio
409 4227 519 4302 huius
546 4229 803 4328 disputationis
833 4233 1004 4330 magnam
1036 4253 1179 4329 semper
1203 4231 1506 4331 Geographorum
1536 4230 1716 4304 minorum
1741 4233 1824 4304 exi-

238 4366 480 4438 stimationem
515 4363 648 4458 fuisse,
696 4390 785 4464 quos
822 4365 988 4466 plerique
1030 4364 1094 4438 vix
1128 4367 1242 4440 oculis
1282 4371 1519 4465 usurpassent
1544 4389 1603 4454 ac,
1628 4366 1736 4440 toties
1776 4362 1825 4434 ah·

237 4499 326 4570 viris
360 4498 512 4573 cruditis
545 4498 681 4572 frustra
721 4508 877 4574 tentatos
918 4496 1126 4592 audissent3
1171 4502 1295 4600 itaquo
1330 4507 1372 4574 ut
1412 4523 1461 4572 ox
1498 4499 1696 4600 longinquo
1734 4495 1822 4568 visis

237 4634 353 4706 maior
389 4636 479 4709 solet
510 4635 713 4709 reverentia
754 4645 938 4730 constare,
974 4637 1027 4710 ita
1050 4634 1187 4738 grande
1216 4633 1397 4736 quoddam
1419 4633 1596 4706 auxilium
1620 4634 1822 4706 litterarum

238 4770 282 4843 ab
326 4795 475 4870 corpore
512 4773 642 4846 horum
677 4769 851 4846 librorum
883 4771 1070 4849 commodo
1104 4781 1143 4848 et¹
1177 4770 1293 4848 doctis
1324 4767 1616 4856 annotationibus
1646 4768 1822 4843 instructo
