4130 5642
991 589 1190 708 Α,

443 827 552 895 Altera
578 827 813 904 commentatio,
841 825 931 893 cuius
956 828 989 893 in
1013 827 1116 896 ironte
1143 826 1290 913 leguntur
1315 828 1414 897 verba
1439 827 1558 898 Ovidii:

543 993 610 1074 „Ut
636 994 740 1063 desint
763 995 863 1073 vires,
892 1004 994 1061 tumen
1019 1006 1068 1062 est
1093 995 1251 1062 laudanda
1275 995 1446 1064 voluntas“

340 1173 498 1232 auctorem
524 1161 669 1248 designat
701 1161 804 1230 honae
837 1161 961 1251 quidem
985 1161 1153 1231 voluntatis
1186 1161 1269 1229 haud
1301 1173 1473 1250 expertem,
1517 1165 1574 1232 sed
1607 1165 1727 1233 viribus
1762 1167 1885 1236 idoneis

339 1303 403 1350 non
425 1284 503 1350 setis
536 1281 734 1360 instructum,
772 1281 933 1370 primoque
960 1285 1022 1348 iam
1047 1281 1347 1371 reprehendendum,
1382 1285 1466 1369 quod
1492 1282 1647 1352 dimidiam
1677 1285 1745 1352 iere
1770 1297 1887 1373 partem

339 1403 604 1470 commentationis
627 1401 798 1468 vernacula
823 1400 932 1486 lingua
954 1404 1186 1490 conscripserit.
1236 1400 1389 1470 Graviora
1413 1411 1515 1470 amen
1543 1415 1646 1470 extant
1670 1404 1887 1492 reprehensio-

336 1523 386 1588 nis
412 1531 574 1590 momenta.
627 1520 746 1588 Etenim
778 1519 819 1587 ad
845 1522 1056 1609 quaestionem
1076 1522 1266 1610 propositam
1301 1532 1411 1589 auctor
1443 1524 1624 1612 plerumque
1645 1544 1709 1591 non
1740 1525 1885 1611 respexit,

341 1651 372 1708 et
399 1641 618 1724 grauissimam
644 1640 732 1707 illius
757 1651 884 1729 partem,
910 1660 973 1728 qua
999 1642 1102 1726 agitur
1127 1640 1166 1708 de
1192 1643 1322 1729 partium
1349 1642 1471 1709 cerebri
1520 1645 1651 1732 piscium
1674 1663 1751 1710 vera
1775 1652 1886 1710 natura

340 1768 370 1826 et
391 1758 499 1826 indole
536 1761 616 1826 inter
649 1780 685 1827 se
712 1759 921 1848 comparanda
946 1771 975 1828 et
1001 1760 1201 1848 explicanda,
1236 1760 1306 1827 iere
1331 1780 1395 1827 non
1427 1763 1537 1847 attigit.
1591 1760 1766 1830 Occurrunt
1794 1763 1885 1828 etiam

340 1878 501 1966 complura
527 1877 755 1946 observationis
781 1880 856 1958 vitia
883 1899 983 1967 eaque
1009 1900 1074 1947 noo
1096 1879 1198 1959 levia3
1234 1881 1404 1946 nonenim
1436 1889 1496 1945 tam
1525 1883 1557 1946 in
1591 1882 1738 1948 dissectis
1773 1880 1812 1947 ab
1850 1901 1887 1948 eo

339 1996 479 2065 cerebris
503 1999 633 2064 instituit
657 1997 709 2065 uel
733 1998 888 2064 institutas
913 2001 1014 2077 auxit,
1042 2018 1134 2087 quarn
1159 2019 1198 2065 ex
1223 1997 1313 2066 libris
1342 1999 1499 2079 Casserii,
1542 2000 1705 2079 Collinsii‚
1731 1999 1886 2076 Arsaehii‚

337 2116 471 2185 aliorum
496 2119 693 2205 transcripsit
724 2116 978 2198 obseruationes,
1016 2118 1100 2207 quod
1135 2119 1280 2184 excusari
1314 2120 1364 2185 vir
1400 2121 1520 2206 poterit.
1575 2119 1662 2187 Patet
1688 2118 1812 2206 quidem
1848 2138 1888 2184 ex

338 2239 395 2316 iis,
431 2256 512 2324 quae
545 2235 586 2302 ad
611 2237 796 2304 anatomiam
823 2247 853 2303 et
878 2235 1109 2324 physiologiam
1134 2237 1306 2324 spectantia
1328 2237 1527 2303 multifariam
1559 2245 1670 2303 auctor
1703 2237 1820 2316 attulit,
1852 2257 1888 2302 se

338 2358 370 2424 in
396 2359 465 2424 aevi
491 2358 649 2446 praeteriti
674 2358 798 2444 seriptis
833 2359 910 2423 satis
945 2377 1018 2425 esse
1045 2366 1221 2433 versatum,
1259 2358 1299 2424 iis
1336 2366 1438 2423 tamen
1472 2375 1535 2422 non
1567 2357 1611 2420 ita
1643 2375 1721 2422 usus
1757 2365 1821 2434 est,
1855 2367 1889 2421 ut

341 2475 457 2565 ubique
485 2474 592 2542 iudicii
619 2475 719 2542 aciem
757 2486 788 2542 et
814 2480 1033 2544 sententiarum
1064 2479 1225 2543 veritatem
1248 2494 1428 2563 expressam
1463 2476 1614 2542 invenias.
1667 2472 1886 2542 Adhortandus

340 2607 388 2663 est
414 2606 446 2663 ut
472 2598 563 2662 etiam
597 2597 630 2662 in
662 2596 870 2662 recentiorum
896 2595 996 2662 libros
1024 2594 1134 2663 sedulo
1160 2593 1316 2662 incumbat
1339 2614 1441 2682 neque
1468 2614 1524 2660 eos
1553 2592 1747 2661 solummodo
1774 2611 1887 2681 sequa-

337 2726 403 2794 tur,
443 2736 522 2802 quos
558 2715 697 2803 inprimis
726 2712 860 2799 diligere
886 2714 1026 2794 videtum
1061 2723 1170 2782 caveat
1206 2734 1329 2800 quoque
1359 2733 1399 2778 ne
1432 2715 1464 2778 in
1501 2713 1666 2780 scribendo
1701 2730 1721 2776 a
1754 2710 1887 2775 consilio

339 2837 498 2924 proposito
525 2834 625 2922 abripi
652 2854 687 2901 se
711 2836 844 2923 patiatur
869 2833 910 2897 ad
938 2853 1000 2910 res,
1027 2830 1139 2918 quibus
1162 2829 1240 2894 nihil
1266 2831 1326 2892 nisi
1342 2830 1481 2895 inutilem
1508 2829 1569 2895 sibi
1592 2829 1734 2895 lahorem
1760 2836 1790 2892 et
1820 2827 1887 2891 ina-

337 2975 407 3020 nem
432 2952 515 3017 lihro
545 2970 603 3016 suo
629 2949 742 3016 molem
768 2950 886 3015 afferat.
939 2947 1224 3033 Quomodocuuque
1250 2946 1329 3013 haee
1364 2948 1442 3025 sint,
1476 2968 1539 3014 non
1564 2957 1665 3034 potest
1699 2944 1887 3012 medicorum

342 3071 420 3140 ordo
446 3071 520 3157 quin
546 3069 637 3133 etiam
662 3066 753 3134 huius
782 3070 1045 3135 commentationis
1072 3067 1192 3134 auctori
1227 3064 1350 3132 laudem
1375 3067 1528 3154 impertiat
1553 3065 1723 3133 industriae
1750 3066 1888 3150 graviter

341 3190 514 3266 adhibitae,
549 3200 579 3253 et
605 3206 644 3253 ex
668 3186 779 3254 studiis
805 3189 874 3254 eius
899 3187 1035 3254 feliciter
1061 3187 1193 3276 inceptis
1220 3187 1428 3274 continuoque
1454 3188 1607 3274 augendis
1634 3185 1808 3253 laetissima
1835 3201 1888 3246 ca-

340 3313 429 3398 piens
457 3309 590 3392 auguria
614 3308 816 3375 nomenoius
841 3306 1012 3375 honorilice
1038 3305 1218 3395 proclamet.

388 3462 507 3528 Prioris
533 3463 628 3546 igitur
653 3461 919 3527 commentationis
950 3460 1084 3546 scriptor
1111 3460 1270 3547 apparuit:

588 3590 841 3662 HERMANNUS
867 3589 1082 3659 MARTINUS
1107 3590 1326 3658 AUGUSTUS
1358 3591 1588 3672 KLAATSGH,

961 3710 1206 3760 ooaomunusrs.

337 3826 537 3898 honorificam
563 3835 665 3893 autem
689 3825 873 3893 mentionem
896 3833 1083 3892 consecutus
1110 3834 1173 3892 est:

612 3956 798 4026 GAROLUS
824 3954 1042 4024 AUGUSTUS
1069 3954 1266 4023 AEMILIUS
1294 3956 1563 4038 ,annuntiatia

995 4075 1184 4122 nrrsrrrusrs.

290 4229 342 4297 lV.
369 4225 585 4318 Ammissimus
611 4225 870 4314 Philosophorum
895 4221 984 4291 Ordo
1011 4235 1076 4291 tres
1096 4235 1302 4311 proposuerat
1327 4225 1546 4310 quaestiones:
1575 4244 1665 4292 unam

338 4349 378 4417 de
403 4349 611 4439 philosophia,
1658 4419 1660 4424 ,

388 4469 560 4558 Praecipua
585 4467 691 4535 Kantii
715 4465 756 4531 de
781 4461 944 4552 republica
968 4463 1084 4551 placita
1108 4473 1291 4534 enarrentur
1318 4482 1417 4548 eaque
1444 4472 1659 4550 comparentur
1684 4462 1793 4550 partim
1820 4481 1888 4528 com

438 4591 494 4666 iis,
528 4605 609 4675 quae
643 4594 714 4652 ante
744 4583 889 4651 Kantion
923 4585 1004 4650 inter
1038 4582 1149 4650 Gallos
1184 4582 1405 4669 Montesqnieu
1446 4590 1476 4647 et
1509 4580 1676 4650 Rousseau
1706 4580 1887 4656 docueruut,

437 4710 547 4797 partim
572 4727 641 4776 curn
663 4707 702 4772 iis
730 4703 891 4774 sententiis
918 4721 1001 4790 quae
1026 4710 1137 4791 postea
1162 4704 1242 4768 iuter
1266 4700 1438 4794 Germanos
1466 4701 1689 4792 invaluerunt.¹

1292 4813 1294 4822 ,
1493 4809 1514 4873 7
1533 4809 1548 4841 „
