4130 5642
1031 677 1230 692 Μ

339 843 445 894 verae
474 816 654 891 donuinae
680 815 812 888 inesse.
889 812 947 886 lle
974 809 1047 884 lide
1074 818 1193 884 umen
1226 817 1263 883 et
1287 807 1465 908 primitivo
1492 811 1663 912 scriptore
1695 811 1808 888 libelli
1837 813 1923 890 lue·

337 961 422 1026 runt
458 952 542 1024 olim
579 949 640 1048 qui
667 945 905 1024 dubitationes
949 951 1170 1045 promerente
1208 965 1339 1041 nempe
1373 944 1491 1018 mirati
1529 952 1565 1019 et
1597 949 1921 1026 commentariolus

337 1085 517 1184 publicum
542 1089 661 1156 tenue
688 1078 906 1179 antiquitatis
934 1078 981 1150 ad
1008 1103 1074 1151 nos
1101 1077 1308 1178 pervenisse
1336 1085 1373 1151 et
1396 1078 1592 1152 orationem
1619 1078 1795 1154 Graecam
1822 1091 1921 1157 acto-

338 1243 419 1290 rum
445 1219 483 1290 in
510 1215 599 1290 aede
626 1212 773 1289 Saturni
800 1211 937 1284 Punica
966 1193 1084 1309 palam
1119 1212 1327 1311 positorum.
1396 1209 1584 1311 Legerunt
1611 1213 1756 1312 quidem
1785 1238 1833 1288 ex
1859 1242 1920 1290 ve·

338 1351 487 1426 teribus·
510 1350 661 1447 scriptor
686 1344 995 1422 Auscultntionum
1029 1339 1245 1418 mirabilium
1280 1351 1317 1417 et
1343 1343 1460 1436 Mela3
1510 1345 1638 1444 quibus
1674 1347 1789 1446 possit
1814 1349 1921 1424 etiam

336 1462 517 1568 Aristides
530 1489 627 1564 addi
649 1489 698 1564 Τ.
722 1489 773 1564 Π.
797 1514 836 1587 p.
861 1489 949 1562 474.
980 1493 1037 1556 aei
1061 1492 1127 1577 piu
1153 1483 1232 1555 odda
1254 1485 1491 1577 Καρχηδονίων
1516 1485 1551 1555 ci
1578 1483 1824 1568 ἐκπλεύσαντες
1856 1487 1920 1569 ἔξω

336 1631 507 1718 Γαδείρων
533 1627 588 1695 καὶ
613 1626 673 1702 τὰς
705 1623 744 1692 ἒν
767 1629 838 1701 τοῖς
863 1623 996 1714 apicem
1030 1623 1087 1708 τῆς
1115 1623 1241 1710 Λιβύης
1266 1620 1383 1698 πόλεις
1409 1621 1598 1700 οἰκίσαντες
1623 1618 1746 1694 cedaar
1770 1617 1922 1715 'torrear

337 1763 452 1832 οἴκαδε
477 1765 538 1830 τὸν
566 1762 667 1844 λόγον
698 1758 774 1828 odd'
795 1734 999 1851 ἀνέγραψαν
1025 1757 1100 1826 cdd'
1132 1755 1306 1846 ἀνέθηκαν
1330 1757 1368 1825 ἐν
1392 1755 1443 1848 τῷ
1465 1752 1564 1848 iacal,
1598 1755 1839 1852 ἔτεραπαλλᾶ
1866 1767 1925 1833 καὶ

337 1895 452 1966 ἄτοπα
486 1900 690 1989 γράψαντες.
745 1884 923 1969 Graecam
956 1900 1077 1967 autern
1111 1892 1311 1965 orationem
1341 1899 1477 1965 temere
1503 1890 1763 1992 campomanes
1795 1921 1834 1995 p.
1860 1896 1921 1972 15.

337 2043 414 2124 sqq.
443 2023 488 2096 ab
515 2024 595 2121 ipso
624 2022 739 2096 totius
762 2021 1000 2120 expeditionis
1035 2019 1126 2094 duce
1160 2017 1358 2118 repetebat.
1424 2017 1563 2118 Nempe
1597 2021 1736 2096 nobiles
1765 2021 1920 2097 Cartha-

335 2158 516 2258 ginienses
543 2155 683 2231 Graece
709 2154 886 2246 sciebant,
914 2154 1019 2252 pauci
1038 2155 1152 2228 ‘etiam
1177 2148 1410 2251 probabiliter
1436 2151 1657 2246 scribebam
1696 2154 1930 2256 eamdemque·

335 2293 547 2364 Hannonem
574 2289 635 2367 illc
654 2315 729 2390 ¹pro
757 2296 899 2366 metere
936 2287 1044 2362 habet
1072 2286 1381 2362 senatusconsulti
1414 2285 1502 2359 sctis
1529 2287 1694 2384 perplexi
1731 2288 1829 2388 apud
1855 2287 1922 2362 lu·

336 2425 419 2502 stin
445 2425 533 2517 XX,
547 2424 583 2498 5.
607 2447 655 2496 ne
681 2423 763 2522 quis
788 2429 915 2520 postea
936 2419 1241 2520 Carthaginiensis
1269 2425 1332 2491 aut
1356 2418 1484 2492 litteris
1503 2415 1724 2494 Graecorum
1750 2431 1812 2496 aut
1838 2445 1924 2497 ser·

335 2559 432 2631 moni
458 2556 630 2630 studeret.
686 2553 794 2628 llaud
820 2553 1029 2653 prudentior
1054 2553 1125 2628 fuit
1151 2549 1277 2652 lllugii
1304 2553 1457 2650 suspicio
1484 2577 1523 2652 p.
1547 2555 1585 2628 6.
1611 2553 1822 2628 Hannonem
1848 2557 1922 2630 sei·

333 2693 417 2766 licet
442 2687 547 2766 bellis
574 2687 729 2764 Persicis
759 2687 981 2786 supeliorem
1010 2685 1185 2762 Graecam
1210 2686 1371 2784 linguam
1396 2687 1575 2779 calluisse,
1605 2694 1646 2759 ut
1673 2689 1736 2788 qui
1760 2687 1926 2785 Specus

336 2849 459 2898 sanam
483 2823 671 2897 mulierem
697 2822 881 2909 duxisset3
922 2819 967 2890 ab
998 2819 1180 2916 erigitur
1214 2823 1483 2888 monumentum
1508 2818 1683 2890 Punicum
1711 2817 1925 2920 Carthagini·

336 2956 629 3031 constitutum-in
659 2955 837 3026 Graecum
868 2973 1069 3024 sermonem
1100 2973 1180 3022 esse
1214 2947 1445 3039 anacletum
1487 2949 1559 3024 huo
1583 2949 1754 3028 accedere
1782 2955 1921 3028 oratio-

336 3115 420 3165 nem
453 3107 581 3186 parurn
611 3085 823 3184 explicatam
855 3091 891 3156 et
928 3082 1083 3156 colorem
1113 3083 1344 3180 peregrinum
1376 3082 1416 3154 in
1451 3081 1542 3157 dura
1579 3085 1796 3159 minutorum
1834 3111 1923 3161 sen-

336 3243 442 3296 suum
482 3221 755 3320 compositione,
806 3215 858 3290 sic
894 3222 935 3287 ut
966 3216 1120 3315 cogitata
1158 3217 1309 3290 summis
1341 3219 1481 3290 tantum
1511 3211 1616 3291 lineis
1652 3217 1920 3294 adumbrentur.

333 3355 381 3432 Et
407 3357 497 3430 haec
524 3353 667 3456 quidem
697 3349 896 3424 observatio
926 3357 1023 3422 certa
1048 3356 1121 3438 est3
1163 3347 1229 3422 sed
1256 3347 1467 3427 Hannonem
1493 3349 1628 3424 ducem·
1646 3349 1921 3453 Carthaginien·

334 3487 448 3577 sium,
478 3511 567 3586 quos
598 3491 737 3558 comtat
762 3505 896 3556 arcana
920 3504 1010 3555 anae
1038 3481 1189 3554 mutatis
1217 3488 1255 3555 et
1280 3484 1439 3558 notitiam
1466 3507 1637 3558 cursuum
1662 3486 1917 3560 *enumerem

335 3620 460 3720 procul
494 3618 744 3720 aperegrinis
785 3615 893 3690 anxie
934 3612 1155 3708 remansae,
1196 3637 1290 3712 qums
1327 3641 1437 3690 caasa
1454 3615 1528 3693 ¹vel
1557 3641 1806 3717 quorumnam·
1827 3591 1918 3696 nstra

336 3775 556 3828 commouere
583 3751 707 3824 debuit
733 3757 775 3823 ut
809 3748 1099 3824 commentarium
1132 3771 1238 3820 snum
1265 3746 1445 3826 Graecum
1478 3749 1614 3824 temnet
1650 3761 1686 3826 et
1718 3753 1822 3852 quasi
1857 3753 1921 3827 aa·

336 3881 520 3986 &guarni
585 3882 712 3982 taqua
748 3890 847 3958 reete
881 3883 1043 3984 llugius,
1081 3881 1291 3982 Theologus
1327 3885 1413 3958 olim
1441 3885 1737 3979 litteratissimus,
1775 3882 1838 3984 qui
1860 3885 1918 3960 -in

336 4017 458 4094 libello
489 4015 818 4094 academice'l’rib.
847 4021 956 4094 18⁰8.
981 4016 1088 4090 'huuc
1115 4015 1302 4116 Periplur
1328 4016 1540 4111 limavit,
1579 4041 1662 4092 cum
1688 4025 1801 4092 ,antea
1826 4043 1916 4093 con-

338 4151 540 4226 nmienem
563 4177 589 4224 a
615 4150 736 4226 Siculo
762 4148 917 4248 quodam
952 4148 1160 4233 scirdentem
1200 4151 1426 4251 sumpsisset,
1450 4158 1594 4248 poclm.
1629 4175 1670 4251 p
1695 4157 1757 4228 31.
1789 4151 1915 4228 Putet

337 4283 641 4385 iugenii'stillque
670 4257 833 4382 vestigiis
873 4284 1069 4359 obsemads
1108 4307 1187 4358 eam
1226 4285 1275 4360 ed
1300 4283 1631 4383 Carthaginiensem
1655 4287 1727 4361 uel
1752 4285 1918 4360 Pcmunr

337 4416 517 4492 hominem
543 4416 703 4510 rettulit,
745 4417 813 4516 qui
836 4439 904 4516 per
930 4417 1218 4494 commerciorum
1249 4417 1529 4498 neceaaiundines
1557 4416 1697 4493 Graece
1721 4417 1916 4495 didicism

338 4547 503 4650 Etenim,
543 4549 642 4655 spond
668 4547 972 4652 eitimam·
995 4548 1178 4652 ceramo
1215 4551 1656 4655 inmansuetumque
1693 4552 1849 4630 undenis
1877 4559 1913 4626 et

644 4742 646 4750 ,
753 4737 757 4747 .
888 4693 924 4747 .·
1620 4676 1677 4746 8*
1906 4693 1910 4703 “
