4130 5642
923 553 1118 670 *oo—

300 830 303 838 ·
332 795 366 862 P.
393 789 545 883 11,28.
599 792 654 856 καὶ
679 793 763 861 ante
787 789 834 865 εἰς
863 788 942 862 Pol.
1000 787 1112 865 Vidit·
1137 792 1297 887 ndpu‘us
1332 787 1449 863 editor
1472 789 1633 865 membra
1661 793 1811 869 confuso

235 928 289 1002 aio
304 927 393 999 ¹essa
419 920 636 1015 ordinando,
672 929 714 994 ut
740 929 795 990 καὶ
821 924 1068 1014 παραφολακης
1097 926 1199 1013 χολριν
1233 929 1317 997 anie
1348 924 1588 1018 ἑκατοντάρχης
1625 928 1810 1020 locentur3

236 1061 301 1136 sed
325 1070 381 1131 καὶ
405 1068 487 1134 aute
513 1061 734 1151 παραληπτης
758 1084 1020 1158 supervacuum
1044 1067 1113 1132 est.

331 1199 363 1265 P.
392 1195 455 1286 14,
482 1193 543 1268 29.
592 1196 824 1284 Χαριβαηλτος
851 1191 973 1284 ὅρμοις
1000 1195 1046 1269 ab
1073 1221 1160 1269 vero
1184 1195 1349 1295 proxime
1373 1197 1406 1265 P.

268 1409 271 1418 .
331 1329 553 1426 P.15,1a.
588 1333 864 1421 λιβανωτοφόρου
871 1382 881 1414 ,
902 1332 952 1413 ,in
986 1357 1062 1432 mg.
1093 1332 1319 1420 λιβανοφόρος
1350 1331 1461 1420 χώρα,
1492 1334 1526 1399 Ρ.
1586 1331 1723 1406 Habuit
1754 1332 1812 1406 di·

235 1465 441 1539 versitatem
464 1465 662 1563 scripturae
688 1467 927 1556 λιβανοφόροο.
978 1468 1040 1544 24.
1065 1467 1233 1552 Σαοβαθοέ
1258 1474 1294 1539 et
1317 1465 1358 1538 in
1380 1490 1455 1565 mg.
1467 1515 1481 1557 ,
1507 1489 1599 1564 quae
1622 1464 1700 1539 fere
1723 1465 1812 1540 Ρη).

236 1601 364 1673 lernaei
395 1600 488 1674 ratio
515 1607 582 1672 est.
646 1600 707 1672 30.
723 1668 727 1679 ,
743 1599 811 1668 τοῖν
834 1601 957 1696 πέραν]
985 1601 1054 1701 τοῖν
1085 1604 1257 1692 τούπεραν
1288 1604 1322 1671 Ρ.
1355 1601 1442 1674 item
1466 1627 1504 1700 p·
1532 1601 1592 1695 13,
1618 1602 1655 1674 2.
1687 1603 1729 1699 τῇ
1753 1604 1814 1671 τοῦ

236 1741 355 1824 πέραν.

274 1867 281 1882 “
334 1874 367 1939 Ρ.
397 1867 457 1962 16,
482 1870 519 1940 2.
569 1874 624 1934 καὶ
658 1874 741 1940 onte
771 1861 892 1953 ὁμοίως
927 1868 970 1941 Ρ.
997 1833 1228 1969 comparanti
1266 1898 1304 1970 p.
1331 1872 1390 1942 13.
1427 1869 1580 1969 liquebit
1613 1871 1813 1946 orationem
1875 1961 1876 1970 ρ

236 2033 316 2082 esse
353 2008 406 2081 sic
437 2005 724 2099 instaurandam,
763 2013 818 2073 καὶ
852 2007 1033 2093 ἱματισμὸς
1066 2005 1261 2096 Ἅραβικός,
1308 1999 1428 2092 ὁμοίως
1469 2013 1527 2072 καὶ
1560 1999 1579 2073 ὅ
1611 2010 1721 2083 κοινὸς
1758 2016 1813 2076 καὶ

237 2138 364 2218 ἁπλοῦς
387 2147 443 2209 καὶ
469 2135 487 2208 ὅ
510 2143 612 2218 νόθος
639 2146 694 2208 καὶ
717 2142 966 2233 περιττότερος.
1278 2206 1281 2216 ,

333 2280 367 2346 Ρ.
394 2277 453 2369 17,
482 2275 520 2350 9.
568 2275 810 2366 Διοσκοορλὸοο
835 2279 869 2345 Ρ.
926 2277 987 2349 21.
1024 2281 1080 2344 καὶ
1104 2274 1155 2344 ἔτι
1182 2270 1358 2372 Ἑλλήνων]
1392 2279 1452 2344 καί
1482 2301 1561 2345 τινα
1587 2279 1648 2362 μὲν
1669 2271 1747 2345 Ἑλλ.
1778 2282 1812 2346 P.

238 2413 301 2511 qui
325 2409 424 2484 baud
449 2411 524 2485 soio
555 2435 602 2482 an
625 2411 796 2503 voluerit,
832 2414 890 2478 καί
914 2437 948 2479 τι
980 2415 1126 2498 καὶμὴν
1156 2405 1237 2482 Ἐλλ.
1296 2409 1357 2483 25.
1382 2377 1451 2479 ’καὶ
1478 2418 1560 2487 anto
1585 2420 1655 2490 τοῖς
1683 2437 1753 2486 om.
1779 2414 1813 2480 P.

236 2544 451 2646 Legendum
481 2548 634 2645 expulso
660 2548 826 2632 μείζοσινε
858 2549 1019 2629 πλείστην
1050 2550 1087 2614 δὲ
1119 2554 1174 2614 καὶ
1207 2548 1375 2637 διάφορον
1407 2555 1476 2626 τοῖς
1508 2535 1695 2637 ὀστράκοις.
1750 2546 1814 2619 29.

238 2677 316 2755 Sub
341 2679 448 2754 finem
473 2680 628 2782 paginae
659 2681 751 2754 mira
782 2682 901 2754 locum
930 2680 1065 2754 invasit
1095 2679 1338 2778 perturbatio,
1376 2705 1424 2753 ox
1455 2681 1668 2780 repetitione
1703 2681 1812 2754 unius

236 2816 392 2892 nominis
417 2813 585 2891 nataturi
610 2819 652 2884 τὰ
679 2819 774 2906 παρὰ
799 2819 859 2904 την
887 2820 1018 2885 κοιλίαν
1043 2824 1125 2903 μέρη
1147 2812 1256 2910 (adde
1282 2820 1341 2900 μὲν
1367 2840 1447 2888 etun
1471 2817 1522 2912 P.)
1547 2819 1591 2883 ud
1617 2817 1813 2906 ἐγχρῄζοντα

238 2958 341 3040 τομὴν
368 2953 428 3021 οὐκ
461 2954 671 3037 ἐπιδέχεται,
709 2958 764 3020 καὶ
794 2946 988 3044 ποῤῥότερα
1024 2949 1115 3019 ὄντα.
1177 2944 1338 3027 ὃλοτελῶς
1372 2951 1408 3018 δὲ
1439 2952 1480 3018 τὰ
1509 2953 1557 3027 εἰς
1590 2952 1812 3037 χλασσόκομα

240 3095 295 3155 καὶ
320 3090 497 3156 πινακίδια
530 3093 585 3154 καὶ
618 3088 758 3173 perideo
791 3087 985 3177 ὲχχρήζοντα
1019 3091 1075 3154 καὶ
1105 3089 1265 3173 τοιαύτην
1299 3089 1376 3152 τινα
1409 3085 1529 3176 χρῆσιν
1563 3091 1813 3173 κατατέμνεται.

238 3221 281 3296 10
305 3220 421 3320 prima
447 3219 585 3316 syllaba
610 3221 806 3321 superioris
832 3223 1044 3312 ἐγχρῄζοντα,
1076 3217 1173 3318 quod
1198 3244 1247 3291 ex
1272 3218 1384 3291 altero
1411 3151 1813 3294 membrdtnouloatum

237 3355 316 3450 est,
349 3358 494 3430 lituram
526 3353 636 3429 babet
661 3357 760 3449 Pal,
799 3354 966 3456 idemque
993 3353 1124 3428 retinet
1148 3355 1225 3422 τινα
1253 3355 1394 3442 χρύτην,
1430 3351 1527 3453 quod
1551 3350 1725 3428 Stuokius
1757 3361 1813 3428 te-

237 3516 336 3568 mere
360 3491 531 3583 mutavit,
557 3488 693 3564 dudum
715 3492 778 3564 ille
802 3490 1042 3591 reprehensus
1067 3489 1247 3565 Sohuasio
1270 3489 1311 3562 in
1334 3489 1484 3587 Vopisci
1508 3490 1634 3563 Aurei.
1659 3516 1697 3589 p.
1724 3488 1812 3565 535.

238 3633 304 3719 „at
339 3629 460 3716 χρλτην
492 3625 645 3724 (inquit)
673 3626 829 3725 appellat
858 3623 1035 3698 Arrianus
1060 3625 1200 3697 minuta
1231 3621 1270 3695 id
1296 3646 1411 3721 genus
1435 3623 1611 3716 vasoella,
1648 3632 1690 3697 ut
1728 3632 1813 3700 sunt

237 3760 370 3853 ootilti,
403 3761 570 3854 areolae,
601 3761 768 3859 capsulae
800 3765 836 3832 et
872 3759 1025 3851 similia,
1069 3757 1196 3830 Latini
1231 3762 1352 3830 scruta
1384 3758 1567 3856 appellant
1575 3757 1614 3831 “.
1668 3758 1811 3860 ³Itoque

240 3892 293 3966 'sic
315 3894 393 3969 fere
427 3894 691 3968 condonandus
719 3895 839 3966 locus:
876 3889 917 3961 ol
947 3897 990 3962 τολ
1024 3897 1120 3984 παρὰ
1147 3895 1213 3980 ,τὴν
1247 3895 1379 3961 κοιλίαν
1411 3897 1494 3983 μέρη
1523 3897 1584 3979 μὲν
1617 3896 1722 3981 τομὴν
1752 3894 1811 3962 orla
1844 3937 1847 3944 .

239 4030 444 4115 ἐπιδέχεται,
485 4037 541 4098 καὶ
574 4023 777 4120 στερρότερα
810 4027 908 4096 ὄντα·
948 4023 1110 4105 ὅλοτολῶς
1148 4029 1185 4096 δὲ
1216 4031 1259 4096 τὰ
1292 4027 1384 4097 νοῖτα
1416 4031 1464 4106 alc
1501 4001 1726 4116 χλωοσόκοχια
1754 4033 1818 4101 ’καλ

241 4166 420 4234 πινακίδια
445 4171 499 4232 καὶ
524 4168 665 4250 perideo
691 4170 747 4230 καὶ
771 4162 969 4260 ἐγχρῄζοντα
994 4169 1050 4228 καὶ
1073 4166 1232 4252 τοιαύτην
1254 4167 1332 4232 τινὰ
1354 4166 1477 4254 χρηίτην
1503 4169 1752 4251 κατατέμνοται.

336 4305 369 4371 Ρ.
400 4298 460 4393 19,
485 4300 547 4372 23.
578 4307 662 4399 post
684 4301 868 4367 διακοσίων
893 4296 985 4371 adde
1011 4323 1092 4370 ourn
1115 4301 1149 4369 P.
1174 4301 1214 4367 τὸ
1239 4303 1277 4367 δὲ
1300 4299 1401 4388 μῆκος
1425 4299 1614 4374 ἑξακοσίων.
1653 4283 1655 4290 ’

246 4451 251 4459 ·
338 4439 372 4505 Ρ.
398 4436 460 4528 29,
486 4436 547 4508 21.
574 4442 643 4503 καὶ
668 4438 823 4520 ποταμὸν
848 4431 953 4524 Ελφρ.
979 4433 1075 4507 inest
1099 4434 1138 4506 in
1160 4432 1230 4506 hae
1255 4435 1432 4534 scriptura
1453 4432 1497 4511 Ρ.
1523 4421 1631 4528 καλαὶ.

240 4571 268 4596 ·’
337 4570 370 4636 Ρ.
395 4571 456 4662 23,
481 4571 519 4645 8.
544 4567 758 4663 ἀποτίλλειν]
781 4569 832 4643 Ι..
858 4569 1052 4652 ἐποκέλλειν
1078 4591 1158 4646 eum
1182 4569 1261 4643 Pal.

338 4705 372 4776 P.
399 4705 460 4779 27.
485 4705 521 4776 ἐν
546 4701 612 4802 οἷς]
635 4704 748 4780 Immo
772 4705 808 4774 ὲν
834 4700 854 4803 η’
877 4730 958 4784 etun
979 4705 1057 4780 Pal.
