4130 5642
1126 607 1150 689 a

1034 711 1230 728 Μ

346 853 417 936 tur,
443 841 509 918 sed
534 849 575 916 ut
597 837 827 918 difficultates
848 837 1384 938 expediamus,.memorahiles
1409 863 1566 915 uorasre
1590 840 1813 916 narrationes
1837 841 1923 917 illu·

345 987 520 1071 stremus,
553 975 707 1076 denique
732 975 871 1049 variam
895 975 1133 1052 eruditionem
1169 1001 1262 1076 quae
1291 975 1447 1052 refertur
1475 973 1522 1050 ad
1552 993 1671 1048 moros
1696 984 1793 1050 artes
1825 1001 1923 1052 com·

343 1114 477 1188 mercia
510 1120 673 1212 paratam
704 1109 916 1184 habeamus.
982 1111 1279 1208 Velut-Eoylax,
1318 1121 1400 1188 utut
1436 1111 1653 1210 depravatus
1691 1119 1727 1185 et
1759 1115 1922 1207 mutilus,

344 1257 407 1322 aut
442 1249 504 1347 qui
534 1247 651 1322 fertum
676 1243 870 1340 Somnuus‘
883 1243 997 1320 Chius
1029 1245 1206 1321 modicam
1238 1248 1394 1346 requirit
1416 1246 1705 1336 annotationem,
1751 1254 1790 1319 at
1820 1247 1925 1318 Peri-

342 1386 423 1482 plus
444 1384 569 1458 Maris
599 1381 792 1476 Erythraei
824 1405 954 1478 partun
985 1405 1052 1479 nos
1083 1380 1243 1474 iurabit,
1260 1415 1264 1424 ¹
1280 1382 1354 1455 nisi
1385 1381 1466 1481 quis
1498 1381 1746 1480 navigationes
1778 1377 1923 1454 Indicas

237 1515 241 1523 ’
341 1528 378 1592 et
412 1527 517 1593 totam
549 1517 798 1616 techuologiac
834 1517 1020 1592 materiem
1051 1524 1247 1616 perspecte.
1269 1517 1387 1615 possit
1418 1516 1627 1614 explanare.
1699 1517 1925 1615 Quamquam

340 1655 432 1726 haee
457 1653 565 1727 etiam
597 1651 749 1724 interior
774 1650 937 1724 doctrina
964 1649 1070 1724 deh'et
1105 1653 1202 1726 intra
1234 1660 1350 1729 certos
1376 1651 1486 1724 lines.
1507 1651 1729 1744 subsistere,
1760 1675 1807 1723 ue
1840 1649 1924 1724 Sal-

341 1788 538 1860 masiauam
575 1788 615 1860 in
645 1787 829 1858 licentiam
863 1795 1054 1880 excurrat,
1096 1812 1169 1860 neu
1207 1787 1400 1861 verbosum
1434 1789 1667 1884 interpretem
1705 1786 1922 1860 Vinceutum

341 1924 522 1996 imitantes
548 1925 717 1996 lectorem
742 1919 871 2020 putida
895 1923 990 1994 mole
1004 1921 1222 2024 datigcmus.
1550 1922 1553 1928 ’

439 2061 614 2160 Superest
647 2069 688 2133 ut
714 2061 866 2134 indicem
889 2059 1193 2160 Geographorum
1227 2067 1407 2162 tanquam·
1432 2063 1471 2135 iu
1507 2061 1629 2134 tabula
1656 2060 1923 2133 constituamus.

339 2198 477 2294 Nempe
503 2219 611 2293 supra
637 2194 793 2266 diximus
829 2218 958 2292 corpus
986 2193 1283 2296 Geographorum
1310 2197 1487 2269 minorum
1513 2195 1692 2267 severiore
1721 2215 1827 2291 quam
1857 2191 1923 2264 ad-

340 2333 411 2403 huc
437 2327 570 2403 sactum
608 2335 663 2400 est
698 2327 941 2426 designatione
972 2328 1085 2403 fuisse
1124 2329 1491 2406 circumscribendum.
1557 2327 1698 2400 Etenim
1736 2326 1813 2396 sine
1848 2326 1923 2397 ullo

341 2465 480 2538 delectu
507 2459 672 2561 quicquid
700 2459 746 2531 ad
774 2459 986 2559 argrunanta
1014 2463 1255 2561 geographiae
1293 2462 1472 2559 perticere
1497 2462 1681 2536 videretur
1707 2459 1745 2530 in
1773 2457 1924 2530 eandem

341 2597 582 2670 collectionem
620 2596 857 2684 intruserunt3
900 2595 965 2668 sed
1004 2597 1133 2668 horum
1168 2621 1273 2669 nemo
1303 2593 1421 2668 detmit
1457 2592 1541 2668 talia
1579 2591 1756 2667 cormnuni
1782 2592 1925 2664 vinculo

338 2731 515 2830 coniungi.
581 2727 743 2800 Fuerunt
771 2727 876 2799 etiarn
904 2728 1032 2827 quihus
1065 2728 1193 2802 liberet
1221 2735 1449 2800 monumenta
1474 2727 1742 2800 mathematicae
1768 2747 1925 2823 geogra-

339 2865 470 2963 phiec,
497 2860 656 2960 nequid
683 2857 970 2950 desideraretur,
1007 2845 1268 2962 praemunire..
1300 2856 1487 2954 Exemplis
1515 2864 1659 2928 utamur
1685 2855 1925 2954 Agatharchi-

339 2997 395 3067 dis
433 3002 469 3065 et
493 2989 675 3062 Plutarchi
712 2989 892 3084 personati
931 2987 977 3060 de
1011 2988 1204 3088 fluviorrun
1244 2999 1279 3064 et
1318 2969 1491 3062 montium
1524 2987 1740 3060 nondoihus.
1805 2987 1925 3060 Habet

341 3124 484 3226 quidem
517 3118 800 3220 Agatharchides
841 3120 975 3217 passim
1017 3120 1271 3222 descriptiones
1308 3124 1521 3226 populormn
1560 3130 1595 3194 et
1635 3122 1795 3194 locorum
1832 3122 1925 3194 eirca

338 3260 484 3330 rubrum
513 3279 634 3348 mare,
663 3252 727 3326 sed
754 3276 902 3325 numero
930 3254 1119 3351 pauciora,
1147 3280 1225 3329 nec·
1239 3255 1344 3329 facile
1372 3257 1580 3330 memorarit
1601 3256 1662 3328 ille
1690 3279 1808 3328 mores
1832 3278 1924 3353 gen-

337 3393 427 3466 tium
455 3397 518 3464 aut
543 3395 707 3460 naturam
734 3386 920 3485 regionum
927 3436 940 3478 ,
981 3387 1111 3460 nisisi
1139 3371 1226 3486 quid
1253 3389 1418 3464 subesset
1444 3389 1582 3462 nririfici
1615 3388 1691 3463 sive
1719 3389 1924 3480 παράδοξον.

337 3526 416 3597 Iam
438 3547 523 3596 vero
551 3519 637 3620 quid
666 3519 888 3592 censebimus
902 3520 1019 3616 quasi
1039 3521 1291 3618 Plutarchum,
1322 3522 1361 3598 id
1391 3531 1458 3616 est,
1487 3523 1668 3595 hominem
1696 3518 1858 3618 theurgis
1881 3541 1922 3588 ac

338 3656 504 3729 deliranti
532 3654 724 3754 sapientiae
753 3651 932 3745 dodim,
976 3653 1038 3752 qui
1073 3668 1270 3730 commenta
1296 3655 1400 3730 fiuxit
1436 3655 1679 3754 ineptissima,
1723 3621 1923 3726 suhoruatis

339 3790 446 3870 etiam
472 3787 574 3861 falsis
607 3785 783 3860 testibus?
812 3787 920 3862 istum
938 3811 1024 3859 vero
1053 3785 1097 3859 ab
1127 3788 1236 3861 choro
1265 3789 1552 3892 geographorum
1578 3787 1626 3860 ad
1653 3784 1923 3884 paradoxogra-

337 3923 429 4020 phos
460 3947 540 3996 esse
569 3918 856 3996 caussarendum
884 3921 1001 3994 statim
1029 3890 1216 4022 intelliget,
1240 3922 1308 4024 qui
1336 3922 1527 4023 quemlihet
1557 3923 1724 4024 paginam
1749 3918 1923 4013 inspexe-

337 4057 396 4128 rit.
433 4055 577 4128 Vellem
603 4055 713 4154 igitur
739 4053 879 4151 utrique
906 4054 1024 4126 locum
1051 4057 1284 4130 concessisset
1298 4057 1596 4130 Westermannus
1623 4055 1661 4126 in
1682 4049 1921 4158 Scriptorihus

338 4212 460 4260 rerrun
497 4187 710 4262 mirabilium
739 4184 905 4276 Graecis3
940 4212 1012 4260 non
1039 4189 1134 4260 enim
1161 4188 1241 4262 fieri
1272 4198 1391 4295 potest
1428 4198 1468 4262 ut
1502 4189 1569 4262 hos
1606 4187 1651 4260 ah
1683 4184 1920 4260 monumentis

339 4321 600 4419 superstitionis
627 4345 774 4418 prorsus
804 4319 1050 4394 defendamus.
1107 4321 1182 4396 ¹llis
1210 4293 1337 4398 tertius
1372 4323 1478 4396 etiam
1512 4321 1655 4396 accedat
1681 4343 1798 4394 comes
1827 4318 1921 4390 An·

340 4455 501 4528 tonius
536 4455 791 4553 Diogenes,
828 4455 929 4527 onus
964 4454 1032 4522 cciv
1056 4449 1142 4546 ῧπὲρ
1168 4460 1300 4547 Θούλην
1328 4452 1482 4526 carator
1517 4458 1544 4528 l.
1573 4461 1635 4528 24.
1670 4451 1846 4527 aPhotio
1884 4451 1921 4523 in

341 4587 519 4684 epitomen
553 4588 686 4662 redacti
714 4589 809 4686 quod
835 4589 874 4660 in
902 4586 1144 4686 Geogrophis·
1162 4613 1250 4661 nour
1264 4598 1383 4682 emant
1401 4620 1403 4628 ·
1420 4589 1682 4662 commemorati
1707 4589 1783 4661 Sto.
1801 4581 1920 4659 Croa‘x

344 4719 545 4814 (Memoire
574 4748 637 4796 sur
663 4747 734 4795 une
762 4723 926 4796 nouvelle
953 4721 1085 4794 edition
1110 4719 1178 4806 ,de's
1206 4725 1313 4820 petits
1338 4723 1594 4824 Geogrophes,
1623 4719 1808 4799 dourad.
1836 4717 1923 4791 Sar.

1523 4843 1543 4911 2
