4130 5642
1145 595 1168 680 t

1062 702 1259 714 -ι--ν--ι-

369 834 597 933 Bynantium,
625 830 823 909 eruditione
853 830 951 907 haud
976 837 1116 934 vulgari
1140 837 1319 926 refertae3
1347 837 1503 936 itemque
1530 844 1636 912 uotae
1659 862 1754 936 quas
1769 837 1828 912 ‘de
1856 838 1948 913 Dio-

369 970 471 1064 nysio
501 973 753 1040 eornmentatus
783 971 883 1053 erat3
921 988 1028 1086 porga
1058 969 1232 1046 lliernclis
1263 969 1528 1064 Synnadernus,
1557 995 1672 1069 ,quern
1707 970 1948 1058 schelstrate*¹

368 1127 436 1177 nus
469 1100 661 1199 protraxit3
700 1099 817 1172 minus
849 1106 954 1172 notae
992 1102 1254 1179 lucubrationes
1292 1105 1331 1176 iu
1365 1104 1624 1189 Dicaearchum
1655 1111 1697 1176 61
1736 1103 1947 1185 Hannonem

368 1253 447 1308 enm
485 1235 614 1307 notulis
643 1233 682 1305 in
722 1238 858 1304 ceteros
893 1235 1118 1334 geographos
1153 1235 1319 1327 insolitis,
1355 1257 1443 1334 quas
1480 1262 1565 1311 cura
1594 1235 1639 1316 G·
1664 1236 1782 1320 Manui
1809 1235 1946 1310 Romae

372 1370 478 1440 1819.
512 1365 668 1462 collegit·
735 1362 941 1440 llolstenius
968 1368 1079 1466 igitur
1105 1369 1318 1466 tripartitum
1343 1370 1629 1467 geographorum
1658 1369 1852 1466 syntagma
1880 1368 1945 1458 de·

366 1499 531 1590 meant,
568 1499 667 1573 cuiue
696 1497 846 1594 primam
874 1507 1013 1597 panem
1048 1500 1571 1601 additoDiouysii·Pe1iegcsi
1604 1501 1816 1576 inscribebat
1846 1499 1946 1576 Geo-

364 1631 523 1730 graphos
550 1628 707 1703 Graecos
735 1630 911 1724 rm'nores,
950 1635 1091 1708 tertiam
1113 1660 1207 1708 vero
1236 1633 1501 1733 Gcographiam
1529 1657 1685 1723 sacraret
1716 1634 1945 1724 1661116616-

364 1762 571 1862 terponebat
599 1764 787 1860 scriptores
818 1764 863 1837 de
893 1766 980 1841 urbe
1011 1776 1047 1842 et
1074 1767 1339 1866 antiquitatibus
1355 1765 1776 1866 Constantinopolitaois.¹
1817 1767 1944 1859 Porro,

363 1921 409 1970 ne
438 1896 523 1994 quid
551 1895 705 1988 deesset,
735 1897 840 1968 etiem
865 1906 1026 1978 auctores
1056 1925 1177 1976 rerum
1200 1901 1426 1999 physicarum
1454 1910 1490 1974 et
1516 1900 1730 1975 mirabilium
1758 1899 1945 1974 additurus

362 2038 450 2104 erat.
513 2029 641 2104 Totins
670 2029 788 2126 operis
814 2032 941 2129 longo,
960 2047 962 2054 “
982 2041 1022 2106 ut
1057 2036 1128 2127 ait,
1168 2041 1203 2108 et
1232 2032 1463 2106 aerumnabili
1499 2032 1622 2106 labore
1648 2031 1847 2104 concinnati
1883 2029 1943 2102 de-

362 2163 598 2262 signationem
625 2162 718 2236 duoe
749 2165 971 2260 potissimum
999 2168 1168 2265 epistolae
1199 2164 1408 2238 adumbrant
1443 2164 1489 2236 ad
1520 2164 1721 2238 Meursium
1749 2170 1800 2241 ct·
1815 2162 1943 2236 Peiro-

362 2296 475 2368 scium
511 2295 664 2388 missae,
707 2295 747 2368 in
780 2297 837 2370 ed.
873 2299 1086 2375 Boissonadi
1113 2305 1148 2375 3.
1177 2303 1297 2372 6110.
1334 2297 1425 2370 adde
1465 2323 1502 2395 p.
1531 2302 1617 2370 211.
1645 2322 1699 2394 sq.
1776 2293 1941 2371 Profecto

361 2426 551 2500 landnmus
576 2428 845 2526 intelligentiam
873 2431 1068 2524 Holstenii,
1107 2433 1168 2530 qui
1195 2431 1334 2504 doctam
1360 2437 1521 2502 venustae
1550 2429 1791 2528 geographiae
1818 2429 1943 2526 cogui-

361 2561 493 2634 tionem
531 2562 766 2637 monumentis
807 2588 887 2636 esse
934 2563 1097 2661 plurimis
1133 2562 1260 2636 fultam
1304 2564 1529 2664 perspexerit
1568 2587 1716 2661 eamque
1758 2561 1943 2658 multiplici

359 2695 602 2794 supellectile,
649 2697 860 2795 praesertim
898 2697 1171 2796 topographica,
1211 2694 1423 2784 iuvandam3
1465 2695 1632 2794 idemque
1667 2697 1802 2793 primus
1837 2693 1941 2765 Ano-

357 2831 456 2924 nyrui
483 2831 693 2929 Periogesin
725 2830 774 2902 nb
799 2829 972 2908 Marciani
1002 2830 1147 2926 Periplo
1176 2829 1353 2915 seiunxit,
1397 2828 1555 2898 eruditos
1588 2829 1635 2897 ad
1661 2828 1940 2925 Agathemerum

357 2971 432 3032 tum
461 2963 634 3034 inediam
658 2987 699 3034 ac
724 2961 890 3052 Dionysii
917 2961 1102 3050 Byzantini
1129 2958 1327 3055 Anaplum,
1371 2957 1472 3030 cadus
1502 2957 1717 3055 praestantia
1743 2957 1850 3030 hodic
1879 2982 1941 3031 so-

356 3093 403 3162 lis
437 3093 475 3162 in
503 3090 613 3186 Gyllii
649 3089 752 3162 libris
785 3088 829 3162 de
864 3088 1027 3186 Bosporo
1054 3079 1209 3164 Thracio
1246 3089 1468 3188 agnoscitur,
1509 3088 1729 3188 indagandos
1757 3091 1940 3182 convertit,

357 3223 501 3318 Scyruui
528 3247 656 3296 versus
695 3221 889 3302 ruinoribus
925 3220 1158 3322 fragmentis,
1201 3247 1291 3322 quae
1312 3208 1313 3212 ¹
1331 3251 1379 3296 ex
1407 3225 1573 3298 oratione
1598 3221 1757 3320 pedestri
1789 3222 1940 3295 duorum

355 3357 580 3455 Periplorum
608 3363 773 3448 eruerat,
811 3363 991 3453 utcunque
1018 3357 1268 3455 locupletavit,
1310 3382 1375 3430 nec
1402 3355 1507 3433 facile
1535 3364 1671 3428 rectum
1698 3355 1866 3429 iudicium
1901 3357 1939 3428 in

354 3491 498 3564 heroine
525 3489 769 3566 subactissimo
797 3488 1000 3580 desideres,
1039 3490 1102 3587 qni
1128 3490 1409 3588 Agathemerurn
1436 3490 1585 3564 diversis
1614 3514 1662 3563 ex
1688 3487 1818 3560 libellis
1845 3489 1937 3560 male

356 3621 545 3696 condatum
571 3594 700 3696 viderit
728 3633 764 3696 et
792 3622 955 3696 metricas
983 3622 1193 3696 Dicaearchi
1227 3631 1351 3720 partes
1380 3622 1426 3695 ad
1455 3624 1631 3696 illustrem
1662 3620 1937 3718 Peripateticum

355 3757 443 3830 uilril
464 3757 669 3855 ‚perficere
738 3756 817 3849 Quo
845 3756 958 3854 magis
985 3779 1093 3853 aegre
1119 3753 1308 3829 serendvun
1337 3756 1432 3854 quod
1466 3757 1574 3830 nimio
1601 3756 1764 3846 molitus,
1807 3753 1935 3851 quibus

355 3891 460 3964 unius
486 3891 585 3963 vires
610 3887 934 3980 handvsulliciant,
968 3887 1175 3963 llolstenius
1203 3889 1240 3960 in
1266 3889 1354 3987 ipsis
1384 3888 1492 3965 initiis
1522 3887 1665 3961 defecit.
1762 3973 1763 3980 ἵ

451 4023 543 4096 Hinc
573 4022 828 4120 suppleverunt
853 4022 1079 4120 geographos
1115 4029 1151 4094 61
1176 4021 1459 4113 Tennulins,
1500 4020 1560 4117 qui
1587 4019 1871 4118 Agathemerum
1899 4045 1932 4098 a.

357 4159 465 4228 1671.
500 4179 627 4252 parum
657 4156 809 4229 scienter
848 4154 885 4225 in
922 4155 1039 4229 lucem
1071 4156 1268 4253 protraxit,
1310 4163 1347 4230 et
1385 4154 1471 4226 lac.
1511 4149 1792 4245 Gronovius,
1828 4152 1934 4223 homo

352 4287 436 4360 hmo
464 4287 662 4360 litterarum
688 4288 812 4388 generi
849 4311 977 4385 parum
1003 4295 1126 4386 optus,
1168 4290 1229 4388 qni
1258 4288 1411 4363 eundern
1438 4284 1645 4382 scriptorem
1672 4311 1754 4360 curn
1780 4283 1933 4380 Periplis

353 4421 645 4517 Anonymorum,
693 4421 779 4496 item
807 4417 992 4516 Scylacem
1029 4428 1064 4494 et
1090 4420 1360 4518 Expositionem
1387 4417 1494 4492 totius
1522 4417 1646 4490 mundi
1672 4413 1932 4491 Gothofredia-

354 4577 457 4649 uam,
484 4558 680 4653 praeeunte
705 4552 757 4630 Is.
784 4552 937 4646 Vossio,
965 4551 1097 4652 publici
1120 4554 1209 4628 iuris
1235 4553 1320 4628 fecit
1344 4578 1377 4626 a.
1409 4555 1517 4628 1697.
1586 4548 1689 4624 Idem
1716 4574 1783 4624 sua
1809 4547 1931 4624 Geo-

353 4686 574 4787 grophien
608 4685 798 4787 antiqua
840 4687 1024 4763 renovavit
1066 4711 1100 4765 a.
1145 4691 1271 4800 1700„
1299 4685 1418 4784 titulo⁴
1439 4691 1599 4781 mutato,
1640 4682 1704 4760 sed
1746 4679 1931 4758 subivinota
