4130 5642
993 557 1202 680 Α..

299 805 362 874 ιιι
389 805 500 872 utimur
525 801 565 868 ad
587 799 721 887 tegenda
744 796 899 886 ιιείιιιιι]
924 799 1014 868 ιιὶιιῖ1
1027 804 1162 885 [cuim
1190 803 1480 886 qoodnorttpetorj
1501 802 1615 892 psile.
1641 807 1889 887 oarioofspect'es

299 927 446 1010 formauit
465 927 509 990 ,in
531 925 667 998 mondo,
700 921 764 1006 [qni
786 918 965 988 nullatenus
991 930 1113 1010 poterat
1139 922 1208 990 sine
1234 939 1339 990 earnm
1364 922 1543 1000 direrdtme
1568 921 1780 1006 subsistere,]
1808 945 1888 1010 quo-

298 1061 371 1114 tum
397 1063 490 1111 osona
510 1046 650 1110 hnmano
668 1042 811 1124 ριιιιὲιιι
837 1041 968 1108 arbitrio
992 1042 1249 1119 discernendum:
1283 1041 1337 1112 nbi
1361 1044 1452 1112 rods
1476 1043 1706 1116 inclusarum
1727 1045 1888 1134 accedunt.

298 1163 448 1232 Similiter
470 1163 624 1251 scriptura
648 1160 761 1228 melior
786 1159 917 1230 efficitur
940 1182 970 1248 p.
997 1163 1067 1228 ttt.
1088 1165 1186 1230 coetis
1215 1166 1365 1230 cornibus
1387 1166 1534 1248 emptore,
1570 1164 1670 1233 codex
1694 1147 1792 1232 corsis
1815 1186 1888 1234 cor-

298 1287 421 1352 oolabns
436 1287 568 1351 uictimis
587 1285 734 1372 copiam
759 1301 789 1369 p.
818 1281 898 1348 tot.
923 1284 978 1349 illo
1006 1285 1082 1367 quio
1108 1301 1173 1350 nort
1200 1286 1299 1360 nidd,
1329 1287 1392 1350 istu
1416 1288 1490 1369 poio
1515 1305 1580 1350 non
1603 1287 1695 1352 hebet
1717 1294 1754 1351 ot
1776 1287 1890 1370 sopiat,

298 1405 397 1473 codex
422 1408 477 1472 illo
502 1407 577 1489 qnia
601 1402 821 1469 concidetur
845 1403 964 1484 coptos,
991 1406 1053 1469 isto
1078 1406 1152 1490 qnia
1178 1415 1243 1471 non
1267 1405 1358 1471 habet
1381 1407 1463 1490 qood
1485 1414 1575 1489 optet
1624 1403 1698 1472 Sed¹
1712 1404 1791 1473 haec
1817 1424 1888 1493 spe-

297 1527 411 1594 cimino
437 1521 606 1592 sufficiant:
628 1541 701 1588 nam
726 1520 846 1590 codicis
872 1522 1039 1590 varietates
1062 1523 1221 1592 scribendi
1242 1523 1354 1614 plenas
1380 1543 1562 1614 expromere
1587 1524 1723 1594 alienam
1749 1534 1833 1592 ert.¹

298 1689 301 1694 '
391 1679 511 1773 ‘Contra
539 1699 629 1767 quem
661 1678 864 1765 Anonymi
898 1675 1040 1746 libellum
1064 1671 1238 1746 Bredooios
1267 1697 1284 1747 e
1310 1673 1410 1746 Paris.
1436 1677 1544 1746 tuso.
1572 1675 1621 1767 (a)
1655 1673 1791 1750 adhibito
1818 1667 1888 1748 cod.

296 1787 465 1892 imperfecti
494 1801 599 1868 1720.
628 1797 676 1888 (b)
712 1791 892 1888 apographo
920 1793 1104 1888 descripsit,
1140 1797 1168 1865 is
1201 1816 1269 1865 oum
1303 1774 1614 1896 ademendationern
1643 1809 1673 1866 ct
1697 1792 1832 1866 Palladii
1860 1799 1889 1867 el

296 1922 451 1992 Ambrosii
477 1915 616 1987 nonnihil
644 1919 799 1997 conserat,
828 1939 898 1986 eum
922 1917 1082 1988 brevitatis
1110 1938 1208 1987 causa
1231 1927 1326 1986 totum
1353 1919 1462 1986 censui
1487 1911 1687 2008 prodendum.
1749 1913 1889 1985 Diversi-

295 2049 373 2112 ¹tates
400 2044 572 2130 scripturae
597 2059 660 2106 non
691 2041 835 2106 annotavi
863 2042 925 2108 nisi
952 2038 1180 2110 difficilioribus
1205 2039 1238 2106 in
1269 2027 1367 2121 incise
1406 2034 1618 2130 pusillasvel
1651 2047 1776 2130 opertus
1803 2053 1889 2108 rnen*

295 2164 352 2232 'das
378 2163 471 2230 tacite
496 2161 624 2228 removi.

396 2317 761 2384 Commonitorium
794 2316 973 2384 Palladi.
1032 2305 1204 2385 Menalca
1232 2335 1312 2406 quae
1348 2325 1378 2384 et
1402 2301 1486 2384 nova
1517 2325 1548 2383 et
1575 2313 1701 2382 multum
1727 2311 1887 2404 discere¹)

295 2442 391 2528 cupit,
408 2423 566 2504 'immenso
593 2438 763 2528 sapientiae
789 2457 894 2505 amore
921 2457 1075 2505 succensa
1098 2439 1189 2504 etiam
1216 2435 1301 2506 aliud
1323 2425 1414 2503 nobis
1440 2456 1536 2528 opus,
1573 2433 1657 2526 quod
1683 2435 1808 2504 efficere
1834 2437 1888 2504 dc-

294 2559 420 2642 bemus‚
465 2557 609 2634 iniunxit,
661 2554 721 2623 boc
763 2568 825 2636 est,
878 2557 1141 2625 Brachmanorum
1180 2556 1432 2626 consuetudinem
1470 2559 1624 2644 vitamque
1658 2556 1888 2640 monachorum.

294 2677 363 2766 ,Ego
390 2677 513 2768 quidem
537 2697 638 2764 neque
672 2677 758 2764 ipsos
786 2697 887 2766 neque
918 2679 1048 2770 patrium
1079 2680 1219 2768 ipsorum
1246 2677 1364 2744 vidisse
1390 2677 1527 2746 memini:
1561 2677 1657 2764 longo
1685 2679 1765 2770 enim
1789 2687 1889 2760 terra·

294 2821 361 2870 ιιιι
392 2800 491 2890 spatio
516 2818 579 2864 non
605 2796 707 2865 solum
732 2795 772 2862 ab
801 2793 903 2876 lndia,
944 2796 1000 2864 sed
1036 2799 1127 2862 etiam
1152 2796 1192 2862 ab
1222 2816 1261 2863 ea
1285 2815 1376 2884 quam
1407 2793 1548 2860 Sericam
1575 2798 1731 2861 nominant
1756 2795 1887 2880 regione

294 2922 425 2990 seiuncti
452 2927 531 2984 sunl.
586 2916 724 2982 habitant
748 2927 850 2981 tamen
876 2917 962 2981 iuxta
986 2913 1125 3006 durium,
1162 2935 1253 3020 quern
1278 2923 1390 2982 uocant
1415 2911 1563 3002 Gangem.
1628 2913 1760 2981 Accessi
1788 2924 1887 3006 antem

294 3023 365 3108 ante
388 3037 509 3126 aliquot
533 3053 632 3101 annos
658 3055 757 3146 nsque
783 3034 822 3100 ad
849 3018 968 3100 sunna
992 3031 1099 3104 lndiae
1124 3037 1197 3106 loca
1222 3057 1291 3104 cum
1315 3034 1448 3102 Musaeo
1475 3035 1622 3150 episcopo
1643 3019 1888 3123 Dulenorqu)

295 3141 348 3228 ubi
375 3178 443 3226 cum
470 3153 678 3223 intolerabilis
711 3138 818 3222 aestus
845 3152 958 3221 ardore
991 3154 1156 3272 flagrarem
1185 3156 1383 3248 videremque
1411 3174 1537 3272 aquam,
1574 3176 1654 3246 quae
1689 3155 1890 3224 hauriebatur

294 3278 513 3354 orientibus,
550 3294 621 3342 mor
649 3273 830 3342 leruerern
861 3274 938 3364 ipsis
964 3294 1045 3364 quae
1078 3263 1146 3344 eum
1181 3286 1384 3367 susceperant
1407 3277 1513 3356 vasis,
1549 3278 1693 3343 continuo
1720 3295 1887 3362 regressus

294 3423 378 3480 snm,
416 3399 491 3489 qnia
515 3394 690 3464 incendium
723 3403 836 3460 tantum
869 3394 1006 3462 tolerare
1032 3418 1095 3464 non
1119 3409 1268 3490 poteram.
1325 3395 1384 3463 llio
1411 3405 1512 3462 autem
1535 3396 1647 3464 iluvius
1672 3397 1726 3486 qui
1751 3413 1771 3461 a
1795 3393 1886 3462 nobis

295 3521 406 3588 dicitur
431 3505 558 3600 Ganges
584 3512 642 3580 illo
670 3523 731 3593 est,
757 3533 849 3601 quem
874 3517 1047 3606 scripturae
1073 3537 1185 3585 sacrae
1207 3516 1303 3586 Fison
1329 3527 1457 3596 vocant,
1481 3536 1561 3582 unus
1588 3516 1626 3582 de
1652 3524 1795 3605 quattuor
1820 3514 1885 3584 illis

294 3643 348 3728 qui
376 3639 415 3706 dc
440 3634 593 3703 Paradiso
620 3637 706 3702 exire
740 3633 948 3724 perhibentur.
1006 3633 1097 3706 Talis
1129 3657 1205 3705 uero
1238 3637 1337 3706 fertur
1363 3636 1533 3706 Alexandri
1557 3635 1764 3706 Macedonum
1791 3637 1886 3725 impe-

294 3760 409 3828 ratoris
440 3756 589 3834 historia,
622 3776 805 3844 quocunque
839 3755 930 3824 modo
959 3741 1038 3824 vitas
1075 3778 1182 3826 eorum
1216 3768 1245 3825 et
1281 3759 1419 3828 instituta
1452 3757 1647 3825 referentis..
1689 3777 1752 3823 non
1786 3765 1887 3822 tamen

296 3882 435 3968 Gangem
461 3878 529 3966 ipse
550 3886 769 3960 transgressos
796 3889 879 3955 erat,
905 3897 1006 3970 neque
1032 3880 1101 3946 visa
1127 3878 1184 3946 sed
1209 3877 1315 3946 audita
1336 3878 1502 3948 referebat.
1555 3875 1779 3944 Tantummodo
1807 3877 1887 3944 enim

295 4001 381 4097 illam
407 4019 507 4089 usque
531 3997 709 4084 regionem,
735 4015 815 4084 quae
841 3993 951 4063 Serico
979 3995 1108 4077 dicitur,
1132 3997 1206 4080 fuit,
1232 3999 1284 4067 nbi
1310 4002 1408 4090 ipsum
1436 4000 1570 4066 sericum
1596 3998 1749 4076 nascitur,
1778 4005 1807 4066 et
1833 3993 1885 4064 ubi

295 4123 450 4216 lapideam
475 4121 536 4190 sibi
558 4120 631 4210 poni
654 4117 730 4184 fecit
755 4116 944 4196 columnam,
970 4120 1002 4185 in
1026 4107 1088 4208 qua
1109 4121 1234 4210 scripsit
1258 4118 1339 4190 hunc
1366 4117 1502 4188 titulum:
1529 4115 1785 4205 EgoAlexander
1810 4115 1885 4184 huc-

293 4266 393 4335 usque
417 4244 553 4333 perveni.

340 4538 370 4614 ¹)
392 4554 462 4614 qnae
483 4545 510 4594 et
532 4537 639 4594 discere
661 4544 689 4593 et
713 4537 828 4595 multum
851 4538 943 4596 dicere
964 4531 1040 4614 cupit
1065 4554 1089 4595 ι.
1110 4511 1180 4613 qnae
1200 4513 1306 4596 discere
1335 4543 1363 4594 et
1388 4533 1503 4636 multum
1530 4533 1636 4596 discere
1665 4536 1740 4656 cupit
1767 4531 1795 4592 b.
1817 4533 1883 4592 Gor·

370 4637 517 4696 ierimus
539 4638 593 4710 oph
612 4630 755 4692 Ambrosii.
805 4629 807 4636 ’
1192 4651 1195 4658 ,
1576 4648 1581 4659 .
1661 4648 1664 4658 .

337 4741 422 4827 2)h.
440 4751 635 4810 Adulenornm.

1483 4837 1539 4907 ὃ*
1598 4751 1621 4773 .,
