4130 5642
322 800 427 876 llunc
462 799 573 899 igitur
596 795 798 871 Palladium
827 798 923 871 omni
955 823 1090 898 genere
1115 795 1282 871 viliorum
1315 796 1539 894 inquinatum
1573 795 1672 873 dedit
1704 798 1811 874 1111-

225 961 382 1028 16611,Ι
423 957 510 1006 usus
547 929 667 1004 codice
696 933 921 1022 britanniam
959 932 1056 1006 idem
1093 937 1213 1004 tamen
1242 929 1417 1028 quaedam
1450 932 1489 1004 in
1525 931 1611 1005 folio
1640 933 1811 1034 singulari

224 1069 398 1160 correxit,
437 1067 649 1164 plerumque
675 1065 837 1139 1111161111
875 1067 1083 1139 auctoritate
1111 1065 1193 1136 libri
1219 1062 1387 1137 Parisini.
1452 1065 1594 1140 Deinde
1626 1066 1811 1140 616116·-Ι

223 1204 325 1278 vius
368 1199 420 1296 (v.
447 1198 541 1298 Epp.
567 1199 721 1272 Parisin.
754 1225 791 1298 p.
820 1200 920 1295 108.)
959 1225 1032 1273 161
1072 1197 1178 1271 modo
1205 1195 1362 1270 codicem
1388 1197 1507 1271 Paris.
1536 1201 1642 1274 1597.
1672 1201 1756 1273 61111
1790 1226 1813 1272 6

223 1334 409 1432 Ducuagio
446 1343 677 1431 usurpatum,
729 1330 846 1406 foedis
890 1333 992 1406 illum
1032 1331 1170 1405 mendis
1211 1337 1404 1404 scatentem
1440 1339 1474 1403 et
1509 1355 1592 1404 raro
1630 1335 1814 1407 meliorem

223 1467 342 1561 edos,
370 1466 569 1540 admirabili
593 1465 764 1565 patientia
785 1467 1022 1564 comparavit,
1052 1465 1118 1539 sed
1141 1464 1312 1541 Latinum
1340 1465 1447 1538 etiarn
1469 1465 1701 1564 interpretem
1727 1468 1814 1540 Pal-

222 1599 309 1674 ladii
321 1653 334 1694 ,
382 1601 444 1700 qui
472 1599 567 1699 opud
593 1601 781 1674 Bissaeum
813 1608 895 1699 post
922 1600 962 1675 S.
987 1599 1169 1674 Ambrosii
1203 1606 1390 1672 1166161111
1417 1598 1462 1671 de
1489 1600 1648 1677 moribus
1675 1601 1815 1674 Brach-

222 1758 412 1808 mnorum
436 1734 475 1806 iu
501 1759 563 1831 pp.
589 1734 637 1806 85
651 1775 705 1790 --
721 1737 805 1808 103.
826 1741 948 1827 extat,
977 1759 1059 1806 oum
1085 1734 1201 1808 Paris.
1232 1736 1342 1807 2165.
1369 1731 1417 1804 A.
1447 1731 1636 1832 diligenter
1665 1744 1815 1808 conten·

224 1867 278 1944 dit
304 1876 340 1940 et
368 1867 520 1940 alterum
542 1865 701 1939 nondum
727 1866 862 1940 editum
889 1893 910 1939 e
938 1866 1019 1945 MS.
1047 1870 1158 1940 4886.
1188 1865 1387 1965 descripsit.
1441 1863 1489 1938 Et
1517 1867 1556 1938 hi
1585 1868 1729 1966 quidem
1756 1869 1816 1940 in-

223 2008 399 2099 terpretes
428 2000 519 2072 alius
547 1999 657 2071 aliurn
683 2025 777 2073 nunc
805 2001 948 2099 ineptiis
974 2027 1069 2074 nunc
1101 1998 1308 2074 melioribus
1338 2000 1505 2072 orationis
1532 1999 1693 2074 Graecae
1725 2002 1816 2073 scri-

223 2134 339 2233 pturis
355 2134 517 2222 vincunt3
540 2133 648 2231 longe
677 2140 795 2207 tamen
818 2134 1021 2207 concinnius
1050 2135 1234 2232 exemplar
1262 2142 1406 2206 secutus
1433 2133 1727 2227 estArnbrosius,
1755 2137 1816 2234 qui

223 2265 426 2340 Palladium
451 2275 659 2365 reppererat
685 2275 746 2340 aut
772 2268 976 2342 uberiorem
1004 2277 1066 2341 aut
1091 2269 1177 2341 satis
1207 2267 1428 2365 castigatum.
1463 2266 1681 2366 Exemplum
1707 2291 1817 2367 prae·
1948 2332 1952 2342 .

223 2401 286 2474 bet
316 2400 534 2474 luculentum
564 2425 601 2499 p.
633 2405 669 2497 3,
700 2403 758 2475 15.
791 2400 853 2473 ubi
882 2399 992 2476 MSS.
1020 2394 1250 2475 vehomenter
1277 2399 1456 2472 deficiunt.
1523 2399 1685 2474 Graecus
1707 2402 1817 2500 igitur

224 2533 340 2606 codex
378 2533 417 2604 11
444 2531 657 2606 difficillimis
686 2536 772 2608 locis
805 2561 872 2608 nos
911 2533 1092 2628 destituit,
1133 2559 1199 2607 nec
1228 2531 1377 2607 dubium
1414 2533 1499 2630 quin
1527 2533 1699 2633 pleraque
1740 2535 1817 2606 sola

223 2666 363 2766 possint
390 2666 591 2743 coniectura
625 2667 828 2769 profligari,
864 2653 1079 2768 praesertim
1108 2667 1152 2740 ab
1182 2691 1225 2740 eo
1254 2667 1315 2765 qui
1348 2691 1501 2763 pravum
1530 2692 1731 2740 sermonem
1759 2669 1816 2738 la-

223 2797 340 2873 bentis
369 2801 448 2874 aevi
476 2801 657 2902 cognitum
686 2803 826 2882 habeat.

322 2969 421 3040 llaec
450 2970 557 3040 simul
584 2997 666 3041 oum
693 2969 834 3043 delectu
859 2974 979 3044 variae
1014 2972 1174 3046 lectionis
1203 2971 1449 3062 absolveram,
1491 2995 1572 3043 cum
1604 2969 1644 3042 11
1680 2995 1817 3043 merno-

224 3101 315 3174 riam
350 3098 442 3171 redii
476 3098 722 3192 Callisthenis,
762 3125 868 3200 quem
898 3102 1044 3184 Arriani
1070 3103 1294 3173 Diibneriani
1332 3105 1494 3174 comiteur
1522 3117 1558 3176 et
1586 3105 1817 3203 appendicem

224 3235 362 3334 primus
399 3233 510 3308 edidit
546 3231 647 3307 Gar.
672 3235 713 3307 M
721 3236 907 3308 iillerus
950 3235 1067 3306 Paris.
1099 3238 1206 3306 1816.
1276 3233 1384 3330 Apud
1412 3233 1667 3309 Callisthenem
1694 3240 1817 3336 igitur,

226 3370 290 3470 qui
309 3367 493 3441 historiam
508 3367 709 3442 Alexandri
730 3369 855 3468 Magni
880 3391 1128 3440 romanensem
1153 3367 1191 3438 in
1218 3364 1379 3438 fabulam
1400 3368 1678 3468 transfiguravit,
1704 3397 1817 3472 quae-

227 3503 360 3574 stiones
388 3499 432 3574 ab
457 3525 543 3600 rege
573 3497 855 3575 Brachrnanibus
889 3501 1092 3600 propositae
1119 3499 1190 3588 III,
1221 3501 1256 3590 5.
1283 3505 1320 3608 6.
1350 3508 1497 3595 extant,
1535 3503 1670 3576 ineerta
1698 3512 1818 3579 tamen

227 3632 314 3708 sede
341 3659 408 3735 per
434 3634 598 3708 librarios
625 3636 677 3732 (v.
703 3637 808 3709 Miill.
835 3663 872 3734 p.
901 3638 962 3708 88.
990 3635 1067 3708 sive
1095 3633 1217 3729 XIV.)
1245 3635 1417 3706 iactatae:
1454 3648 1494 3708 ut
1523 3632 1626 3708 facilc
1656 3640 1817 3736 suspice-

227 3793 307 3840 mur
333 3767 431 3841 istud
460 3777 707 3844 ornamentum
733 3794 859 3842 recens
888 3769 1092 3846 accessisse.
1126 3767 1285 3864 „vernn
1310 3768 1379 3841 ista
1406 3771 1608 3868 promiscua
1637 3780 1721 3844 sunt
1750 3798 1817 3844 nec

226 3902 378 3973 multum
406 3903 539 3977 habent
565 3904 752 3993 momenti3
795 3909 916 3974 contra
945 3903 1024 4002 qrris
1064 3903 1151 3976 satis
1179 3902 1329 3974 miretur
1360 3903 1405 3975 iis
1433 3911 1547 3977 toturn
1574 3912 1610 3976 et
1636 3905 1817 4004 integrum

227 4031 427 4107 Palladium
452 4038 612 4136 puniisse
639 4035 802 4129 subtexi,
845 4060 950 4136 quern
978 4043 1014 4108 et
1040 4035 1143 4108 airrici
1173 4037 1393 4135 compellatio
1432 4044 1468 4111 et
1501 4036 1646 4108 uberior
1661 4027 1818 4112 ¹Indicae

228 4169 424 4271 sapientiae
451 4172 609 4246 tractatio
638 4173 744 4272 plane
781 4171 947 4268 seiungat
985 4167 1031 4240 ab
1071 4169 1218 4270 reliquis
1250 4167 1498 4274 argumentis?
1566 4169 1679 4270 Atqui
1706 4169 1818 4248 Calli-

229 4303 364 4376 sthonis
393 4301 485 4376 liber
520 4304 672 4404 optimus
701 4302 805 4378 Saea.
832 4302 901 4378 XI.
927 4301 1060 4398 (Paris.
1090 4305 1135 4378 17
1140 4308 1198 4377 ll.
1227 4303 1303 4376 1116
1324 4302 1388 4399 A.)
1415 4301 1584 4402 scriptus,
1610 4307 1670 4404 qui
1700 4304 1817 4379 Geor-

228 4435 327 4538 girun
354 4437 560 4533 Synoellum
594 4437 753 4534 aliosque
779 4437 1026 4513 chronieorum
1062 4435 1265 4510 conditores
1294 4461 1376 4510 61111
1403 4433 1512 4510 rebus
1538 4435 1740 4515 Alexandri
1765 4437 1817 4513 M.

230 4568 398 4661 sociavit,
441 4570 580 4647 duobus
618 4568 690 4644 illis
719 4570 891 4668 capitibus
920 4570 1125 4660 universam
1154 4568 1308 4644 Palladii
1337 4571 1576 4658 narrationem
1602 4572 1655 4667 (p.
1686 4571 1819 4641 102-

235 4703 334 4800 120.)
368 4703 527 4777 subiecit.
589 4703 761 4796 Quocirca
789 4729 861 4778 non
889 4703 1037 4776 dubium
1063 4700 1206 4783 videtur
1235 4703 1320 4802 quin
1347 4701 1551 4793 Palladias,
1580 4725 1686 4802 quem
1715 4725 1819 4780 casus
