4130 5642
199 874 439 972 grapborum‚
477 899 582 974 qnam
620 871 721 945 multi
747 878 947 965 tentarunt,
984 895 1090 944 nemo
1125 870 1294 970 perfecit,
1331 874 1465 949 iustum
1492 884 1667 954 statuatur
1694 911 1780 984 pref

199 1007 288 1080 tium
316 1033 427 1106 eaque
455 1009 531 1081 suis
556 1006 687 1080 finibus
723 1005 1041 1080 circumscribatur.
1112 1005 1193 1078 Non
1222 1007 1315 1079 enim
1347 1008 1457 1082 miror
1484 1012 1675 1109 scriptores
1699 1018 1780 1092 illos

200 1165 222 1210 a
247 1142 369 1239 paucis
408 1142 509 1214 tritos
537 1141 747 1239 plerumque
777 1141 821 1224 ¹iu
848 1139 963 1212 maius
996 1137 1169 1213 celebrari
1209 1149 1244 1213 et
1275 1143 1369 1215 ultra
1404 1143 1480 1216 veri
1516 1142 1623 1219 fidem
1657 1152 1779 1223 extolli

198 1281 365 1371 tanquam
392 1274 667 1346 instrumentum
696 1261 898 1345 reconditae
926 1271 1119 1344 doetrinae.
1185 1274 1327 1348 Deinde
1354 1301 1469 1374 nuper
1496 1279 1613 1350 extitit
1641 1281 1696 1352 vir
1725 1282 1781 1355 di-

197 1406 454 1504 ligentissimus
489 1405 755 1497 Fabrioius,
798 1405 859 1503 qui
893 1429 976 1476 rara
1002 1406 1198 1480 constantia
1224 1406 1334 1478 vitam
1363 1407 1420 1480 his
1442 1407 1678 1508 Geographis
1711 1414 1780 1486 im.

197 1530 356 1636 pendere
383 1541 521 1616 statuit.
574 1537 722 1611 Interim
748 1538 921 1635 praelusit
949 1539 1071 1636 operi,
1112 1537 1207 1637 qued
1235 1537 1389 1633 nollem,
1430 1541 1628 1618 adnatetim
1656 1545 1781 1644 singu·

196 1669 243 1744 lis
268 1671 398 1746 libellis
427 1673 588 1771 singulos
617 1671 791 1772 quosdam
818 1670 1056 1770 Geogrophos
1086 1693 1260 1770 spargens
1271 1669 1329 1766 *)a
1358 1697 1442 1746 nam
1470 1695 1664 1772 paueorum
1694 1703 1780 1752 ooa-

195 1805 260 1876 los¹
279 1805 368 1878 istae
394 1804 585 1879 adradunt
610 1805 774 1906 pagellae
800 1829 866 1882 neo
892 1805 1003 1877 totius
1031 1806 1165 1904 negotii
1188 1805 1257 1880 nisi
1281 1807 1399 1878 levem
1425 1813 1571 1906 gustum
1597 1810 1781 1905 praebent.

195 1935 233 2010 1
242 1960 324 2010 utun
351 1949 562 2037 apparatum
588 1941 719 2016 afferre
745 1940 911 2014 rideatur
936 1937 1163 2031 mediocrem,
1191 1937 1300 2010 buius
1324 1947 1471 2012 conatus
1499 1939 1697 2014 laudabiles
1715 1967 1781 2042 par

197 2079 253 2144 est
278 2072 374 2144 omni
401 2070 507 2146 modo
534 2073 670 2146 iuvare.
726 2072 899 2172 Sequitur
929 2072 1034 2146 tertia
1058 2075 1185 2146 eausa:
1220 2097 1312 2171 quae
1338 2099 1551 2174 quamquam
1586 2074 1633 2148 ad
1664 2070 1781 2150 meam

195 2205 314 2302 potius
340 2228 531 2303 personam
558 2227 663 2304 quam
692 2206 739 2279 ad
757 2207 964 2279 litterarum
990 2206 1227 2279 ernolumeuta
1253 2207 1426 2305 pertinet,
1464 2233 1537 2288 non
1565 2215 1686 2286 tomen
1710 2211 1780 2282 im-

44 2371 49 2382 ·
195 2336 418 2435 probabunt,
459 2339 605 2436 opinor,
648 2339 709 2439 qui
745 2347 877 2413 sortem
903 2345 940 2411 et
964 2337 1193 2436 iniquaieta
1214 2339 1416 2414 studiorum
1450 2341 1781 2419 honestissimorum

196 2495 261 2543 suo
288 2496 359 2544 usu
385 2472 626 2568 cognoverint.
695 2472 838 2548 Seilioet
866 2478 1058 2571 postquam·
1080 2472 1292 2568 Dionysium
1320 2474 1534 2574 Periegeten
1563 2477 1780 2574 malgerum,

195 2602 497 2700 eompendiarium
523 2605 625 2677 illum
662 2606 749 2678 artis
778 2607 1009 2704 magistrum,
1053 2605 1118 2680 sed
1147 2608 1209 2704 qui
1244 2609 1575 2681 commentariorum
1603 2614 1640 2680 et
1666 2608 1780 2680 inter-

195 2737 433 2834 pretationum
460 2735 677 2814 abundantia
704 2739 861 2838 reliquos
880 2738 1050 2832 obruerit,
1076 2737 1219 2812 refrixit
1248 2737 1356 2814 ardor
1381 2739 1635 2836 redemptoris:
1658 2740 1781 2838 itaque

194 2878 235 2944 nt
260 2869 301 2946 lit
328 2871 516 2946 Musarum
543 2869 765 2948 Graeoemun
792 2873 967 2947 suamtate
994 2880 1118 2972 eaptus
1157 2873 1205 2950 ad
1246 2873 1393 2946 laetiora
1427 2873 1625 2945 litterarum
1666 2874 1780 2970 spatia

195 3001 379 3097 digressus
406 3027 509 3094 sum,
534 3029 604 3078 neo
635 3032 793 3102 unquam
818 3007 904 3078 illue
933 3007 1069 3080 animos
1097 3007 1243 3100 rettuli,
1269 3007 1404 3082 nedum
1429 3017 1470 3084 ut
1495 3007 1624 3080 liberet
1651 3030 1780 3104 opero·-

194 3131 371 3208 sissimtun
397 3130 699 3230 Geograpborum
726 3141 864 3231 partem
883 3159 926 3230 a
962 3138 1150 3233 perpaucis
1184 3140 1371 3210 lustratam
1406 3129 1555 3234 ingratis
1583 3148 1619 3211 et
1647 3139 1781 3212 trustra

194 3289 403 3364 peragrare.
472 3263 547 3341 Neo
586 3264 654 3341 fuit
690 3267 839 3366 posthae
876 3291 941 3341 orn
966 3265 1152 3340 eonsilium
1180 3272 1377 3358 ,mutarem
1416 3267 1576 3363 quaruuis
1605 3266 1711 3336 etiam
1737 3267 1781 3337 ab

195 3399 329 3478 exteris
365 3397 566 3475 hommhus
603 3397 666 3474 de·
687 3399 756 3473 hoe
784 3398 929 3498 negotio
956 3397 1224 3496 eompellatusv
1268 3396 1372 3474 Nune
1403 3421 1487 3471 tero
1513 3421 1595 3468 oum
1623 3395 1780 3492 oopiolae

195 3531 369 3630 quaedam
407 3531 447 3610 in
482 3531 621 3608 seriniis
657 3532 839 3610 haeserint
880 3533 958 3608 aliis
1001 3531 1231 3634 pmfuturoe,
1284 3531 1363 3630 ipse
1400 3531 1570 3629 temporis
1610 3529 1781 3602 andeolus

194 3663 360 3737 admonet
397 3671 436 3736 ut
472 3689 579 3762 spem
620 3667 764 3764 leugam
801 3667 1002 3746 reiieianaua
1039 3675 1094 3760 et,
1141 3665 1172 3743 si
1210 3689 1290 3740 eum
1331 3665 1496 3740 Vomano
1534 3663 1652 3738 dinem
1684 3662 1779 3752 lieet,

194 3797 351 3869 sarcinas
386 3797 605 3894 colligamus.
681 3798 806 3896 Itaque
833 3800 923 3876 haee
949 3801 1131 3876 variarmn
1163 3798 1354 3872 leotionum
1384 3799 1494 3890 silva,
1537 3795 1703 3895 quoniam
1732 3819 1779 3865 ex
1878 3822 1881 3829 ·

194 3930 371 4002 oodioibus
399 3930 504 4003 fluxit
537 3956 653 4030 neque
682 3933 831 4010 vetustis
861 3958 927 4008 nee
956 3934 1043 4008 satio
1072 3931 1288 4024 emendatis,
1324 3930 1442 4005 futilia
1468 3925 1709 4028 suppeditabit
1738 3951 1778 3997 ao

192 4064 346 4155 leviora,
362 4089 364 4094 ·
383 4063 504 4140 mixtis
532 4063 682 4140 subinde
710 4065 832 4163 probis
857 4066 1057 4164 seripttuie.
1125 4067 1347 4164 Quemquam
1374 4089 1447 4142 non
1473 4064 1551 4138 sine
1578 4059 1695 4136 taedio
1721 4060 1776 4130 la-

192 4196 289 4276 boris
325 4195 479 4293 improbi
507 4198 602 4276 buno
631 4198 690 4298 egi
719 4197 916 4293 dolentum,
954 4207 997 4280 ul
1019 4200 1156 4278 nauata
1184 4208 1220 4274 et
1234 4221 1417 4298 perversa
1446 4195 1585 4274 silentio
1615 4201 1781 4291 praeter·

194 4331 430 4407 alittereutur.
1758 4369 1761 4375 ·

263 4625 294 4704 ”)
326 4628 588 4695 Pmdierutt-enim
616 4629 725 4706 Seymni
754 4631 813 4692 chit
841 4645 910 4708 quae
937 4637 1086 4704 supersunt
1112 4617 1208 4688 Breid.
1239 4631 1326 4689 1846.
1385 4629 1505 4704 Seplasia
1531 4623 1659 4700 Periplus
1690 4614 1776 4684 1848}

324 4743 422 4806 laidori
445 4746 525 4810 eber,
547 4747 682 4812 summas
703 4747 845 4811 Parthinos
867 4765 923 4810 ree.
945 4749 1031 4810 1849.
1071 4747 1177 4808 brnen
1200 4745 1327 4820 Periplus
1346 4743 1380 4806 ll.
1402 4743 1433 4805 a.
1455 4759 1509 4804 rec.
1532 4741 1623 4802 1849.
