4130 5642
352 837 501 904 τίκτεται
526 832 643 918 ἰχθυς,
671 831 816 899 τλοπίαν
838 828 943 899 αὐτὸν
967 831 1002 899 οἱ
1026 831 1203 922 ἐπιχώριοι
1229 828 1412 911 καλοῦσιν,
1447 828 1482 907 ὃς
1508 827 1688 920 αὐξομένης
1714 834 1770 924 τῆς
1795 840 1932 926 σελήνης

351 971 467 1045 λευκὸς
492 972 633 1051 γίνεται,
653 969 849 1054 μειουμένης
877 966 942 1052 (δὲ)
969 967 1174 1051 μελαίνεται.
1225 964 1387 1038 Glariora
1410 970 1532 1038 tomen
1558 967 1713 1067 vestigia
1739 970 1932 1046 custodivit

349 1093 547 1169 Stobeeus=
592 1092 624 1166 is
653 1091 747 1164 enim
776 1117 797 1165 e
826 1091 996 1191 scriptore
1024 1091 1069 1165 de
1096 1092 1320 1166 Fluminibus
1351 1099 1385 1164 et
1416 1090 1604 1166 Parallelis
1638 1094 1833 1172 minoribus
1860 1124 1933 1172 non

349 1229 466 1300 solum
492 1225 638 1301 casdem
665 1224 930 1299 observationes
958 1225 1104 1301 totidem
1140 1227 1267 1300 litteris
1295 1224 1495 1326 decerpsit,
1538 1224 1603 1298 sed
1630 1251 1796 1326 magnam
1827 1231 1932 1304 etiarn

348 1371 487 1460 partem
528 1357 723 1432 eorundem
764 1365 948 1432 auctorum
983 1360 1150 1458 appellat.
1219 1360 1310 1434 Hinc
1353 1358 1515 1457 sequitur
1545 1359 1632 1432 istas
1670 1386 1785 1460 nugas
1796 1414 1809 1454 ,
1844 1388 1932 1462 quas

347 1492 481 1566 nomini
506 1491 721 1566 Plutarcheo
751 1491 1011 1583 subornarunt,
1047 1492 1213 1591 opinione
1240 1493 1413 1567 maturius
1435 1491 1529 1565 intra
1557 1500 1722 1590 quartum
1749 1496 1932 1593 quintmn-

347 1651 392 1699 ve
417 1626 598 1700 saeculum
637 1627 676 1698 in
704 1624 865 1699 ordinem
892 1649 972 1698 essa
1006 1625 1184 1701 redactas.
1252 1624 1364 1700 Cuius
1402 1631 1522 1697 autem
1555 1625 1713 1724 regionis
1748 1630 1930 1728 populeris

348 1783 410 1832 eas
448 1760 708 1858 composuerit,
746 1783 819 1832 non
842 1765 958 1832 tritanu
996 1765 1051 1832 est
1086 1757 1268 1853 didnarc,
1303 1758 1373 1831 nisi
1414 1757 1494 1857 quis
1528 1782 1577 1830 cx
1615 1760 1719 1832 certis
1751 1763 1931 1860 scriptoris

346 1891 526 1966 vocabulis
555 1919 596 1967 uo
624 1891 880 1992 significatibus
908 1892 1001 1966 ausit
1029 1891 1243 1966 coniectaret
1277 1899 1318 1964 ut
1352 1899 1426 1968 ταῖς
1454 1893 1644 1977 βασιλείαις
1674 1916 1774 1966 more
1800 1895 1932 1993 lapidis

345 2025 533 2098 Rosattani
560 2024 614 2120 (v.
636 2027 886 2098 Druruonnum
913 2051 951 2123 p.
964 2025 1068 2121 236.)
1099 2024 1145 2100 de
1174 2023 1383 2098 diadematis
1415 2046 1543 2122 regum
1559 2024 1795 2098 Asiaticorum
1813 2053 1850 2125 p.
1869 2032 1932 2120 40,

346 2161 408 2232 26.
433 2157 546 2251 dixit,
573 2157 638 2231 ubi
662 2156 939 2255 Wyttenbachio
966 2158 1096 2232 mirere
1124 2165 1362 2233 commentum
1384 2167 1454 2236 τοῖς
1484 2161 1679 2246 βαλανείοις
1705 2159 1880 2232 arrisisse.

444 2306 676 2382 Plutarchum
702 2307 811 2406 igitur
839 2306 885 2380 do
912 2305 1137 2381 Fluminibus
1163 2331 1275 2380 arausv
1294 2305 1450 2380 servavit
1477 2304 1592 2378 codex
1619 2304 1827 2399 Palatinus,
1866 2305 1931 2378 sed

345 2440 435 2513 mire
462 2440 694 2539 depravatum
722 2448 758 2513 et
787 2465 891 2514 omne
917 2466 1033 2539 genus
1066 2439 1205 2514 mendis
1238 2439 1436 2537 repletum,
1474 2463 1624 2538 quarum
1651 2462 1817 2539 magnam
1843 2464 1931 2538 por·

345 2580 418 2646 tem
446 2575 602 2673 suscepit
629 2573 686 2646 ed.
718 2572 834 2673 prima
865 2571 1019 2654 Galerii.
1084 2551 1218 2648 Multos
1255 2596 1395 2645 errores
1424 2569 1553 2646 deinde
1590 2573 1735 2646 sustulit
1761 2573 1931 2646 Maussa·

343 2730 428 2799 cus,
467 2707 589 2805 plures
616 2705 933 2803 wyttenbachius,
970 2705 1162 2805 diligenter
1195 2703 1349 2778 notando
1378 2705 1551 2778 formulas
1578 2706 1735 2804 signatos
1770 2713 1807 2778 et
1843 2730 1931 2803 pro·

343 2839 529 2938 prietatem
557 2839 777 2913 elocutionis.
843 2837 921 2910 Iam
949 2838 1016 2910 etsi
1052 2837 1143 2908 liber
1169 2837 1342 2933 plurimas
1369 2835 1478 2907 babet
1507 2836 1632 2908 lituras
1661 2844 1697 2908 ct
1730 2861 1835 2910 voces
1872 2846 1929 2912 te-

344 2995 432 3043 nore
459 2994 525 3041 suo
561 2965 748 3042 destitutus
775 2971 834 3041 vel
863 2968 952 3040 alias
983 2965 1258 3066 significationes
1286 2991 1393 3040 curae
1428 2967 1626 3062 secundae,
1661 2970 1832 3069 pleraque
1857 2979 1931 3044 tam

345 3110 429 3176 sunt
454 3103 602 3195 vitiosa,
645 3109 686 3175 ut
722 3101 863 3175 chartas
897 3101 966 3174 ista
1001 3100 1163 3175 lectionis
1200 3101 1372 3177 redemta
1409 3076 1590 3174 cumulare
1626 3102 1779 3176 bominis
1820 3101 1930 3178 suerit

345 3237 416 3309 otio
445 3234 634 3310 abutentis.
663 3301 666 3306 .
701 3234 877 3334 Quicquid
904 3241 1024 3308 autem
1064 3235 1218 3333 aliquem
1248 3258 1354 3307 usum
1386 3235 1445 3307 vel
1485 3234 1636 3334 gradum
1672 3235 1928 3334 probabilitatis

342 3393 431 3467 praa
459 3393 500 3442 se
527 3368 660 3461 ferret,
688 3367 727 3440 id
754 3373 869 3440 totum
896 3366 1040 3440 Bestius
1065 3367 1154 3441 locis
1183 3368 1390 3466 opportunis
1420 3392 1486 3466 per
1508 3367 1578 3467 Ep.
1598 3367 1765 3444 criticum
1792 3387 1936 3442 memo·'

346 3502 450 3574 ravit.
498 3500 567 3592 Qud
595 3501 707 3574 semel
737 3507 875 3574 tantum
903 3497 1115 3591 fallebatur,
1142 3525 1223 3572 omn
1249 3527 1285 3598 p.
1309 3505 1370 3576 74.
1395 3501 1661 3596 Wyttenbocbii
1692 3505 1928 3578 coniecturam

344 3630 602 3717 περιερχόμενος
628 3626 751 3701 codice
776 3626 914 3700 firmari
938 3633 1120 3716 narraret3
1155 3625 1221 3700 sed
1246 3628 1307 3701 bie
1340 3653 1377 3725 p.
1402 3629 1463 3722 21,
1489 3630 1526 3704 6.
1559 3630 1710 3704 retinuit
1744 3633 1927 3723 ἐργόμενος.

342 3759 470 3860 ltaque
496 3761 590 3836 nibil
615 3761 861 3836 meandum
893 3769 1037 3862 praeter·
1060 3759 1210 3860 ἄναγοίγρ
1244 3788 1281 3861 p.
1309 3763 1371 3857 31,
1396 3763 1433 3836 3.
1467 3764 1564 3864 quod
1595 3774 1755 3865 praestat
1779 3768 1926 3867 vulgato

344 3893 472 3992 ἅγαγρ,
508 3903 545 3969 et
570 3896 632 3989 39,
656 3896 695 3970 9.
730 3896 769 3966 ὃν
800 3897 839 3970 h.
864 3922 897 3971 e.
929 3897 949 3966 6
987 3897 1136 3992 syntaxi
1160 3907 1459 3990 consentaneum
1492 3924 1600 3998 porro
1624 3901 1688 3993 40,
1714 3901 1777 3976 26.
1810 3901 1927 3972 a...

344 4171 421 4236 tum
445 4169 643 4254 Σώστρατος
665 4168 702 4238 ἐν
727 4171 751 4236 α’
780 4168 927 4256 μυθιιιῆς
952 4169 1103 4259 ἱστορίας
1131 4167 1324 4255 συναγωγῆς
1349 4166 1568 4268 refingmus
1598 4175 1632 4240 Σ.
1657 4169 1695 4240 ἒν
1720 4174 1744 4240 ct
1767 4171 1927 4258 μυθικῶν

343 4299 504 4389 ἱστοριοῖν
538 4303 741 4391 συναγωγῆς.
802 4301 970 4378 Getarum
1001 4329 1038 4403 p.
1063 4303 1102 4398 9,
1129 4302 1190 4376 19.
1217 4308 1343 4386 στέγων
1367 4302 1436 4370 τῶν
1461 4299 1595 4393 ἒρότων
1628 4305 1725 4405 quod
1757 4304 1927 4382 audacter

345 4444 580 4510 correxerunt
607 4456 638 4506 σ.
667 4441 745 4516 τους
783 4438 929 4530 ἔρωτας,
963 4463 1092 4512 sanum
1124 4436 1287 4533 videtur,
1325 4435 1431 4513 modo
1464 4463 1530 4538 pro
1564 4441 1703 4516 ratione
1740 4441 1924 4540 scriptoris

215 4601 222 4622 .
345 4571 405 4656 τὴν
436 4565 628 4662 ducebatur
661 4572 842 4647 excidisse
875 4598 1079 4648 sumamus:
1124 4572 1259 4646 etenim
1295 4570 1440 4646 libellus
1472 4576 1604 4664 multas
1640 4601 1834 4677 perpessus
1869 4583 1926 4650 est

345 4702 513 4803 lacunas,
538 4705 707 4808 idemque
730 4707 906 4784 iacturam
930 4710 1042 4784 etiam
1064 4709 1174 4786 unias
1198 4709 1353 4811 paginae
1378 4708 1476 4786 lecit.
