4130 5642
887 667 1084 680 *ιιι-.-

196 806 290 879 tituli
319 829 467 878 aversos
500 803 721 878 Marcianum
750 827 770 876 e
799 802 903 877 codd.
929 799 1091 876 Palatino
1115 809 1156 877 et
1186 799 1387 875 Casauboni
1409 803 1496 902 (qui
1524 805 1643 881 nullus
1672 805 1777 905 suit),

196 940 352 1037 reliquos
379 964 426 1011 ex
453 936 580 1012 eodem
606 936 686 1008 Pal.
712 936 772 1008 vel
799 962 846 1008 ex
873 935 1053 1010 Herwarti
1090 936 1189 1032 (sive
1217 935 1434 1032 llervuorti)
1462 937 1570 1011 MSS.
1601 965 1680 1015 esse
1708 942 1777 1014 du-

197 1079 283 1145 ctos.
338 1071 447 1169 Atqui
471 1071 655 1143 Palatinus
683 1069 758 1142 sive
784 1067 975 1144 Romanus
997 1077 1033 1141 et
1059 1067 1349 1164 Herwartianus,
1379 1068 1439 1166 qui
1465 1069 1778 1148 hodieMonaoen-

197 1207 246 1278 sis
276 1211 352 1295 est,
381 1204 480 1277 nihil
498 1205 568 1276 nisi
595 1202 800 1300 apographa
828 1208 911 1275 sunt
937 1203 1206 1300 praestantioris
1235 1201 1319 1274 libri
1344 1199 1532 1274 Pithoeani
1550 1203 1653 1278 Sace·
1671 1207 1776 1284 XIII.

195 1338 367 1412 Pithoeus
405 1343 524 1411 autem
540 1360 608 1408 *ex
634 1359 704 1432 quo
741 1360 822 1407 cum
848 1335 1032 1434 scaligero
1071 1342 1107 1408 et
1133 1334 1346 1408 Gesaubono
1384 1357 1467 1406 eum
1494 1340 1780 1432 conununiearat,

195 1471 311 1544 codex
336 1471 397 1542 illc
431 1467 571 1542 delituit
609 1467 698 1540 nulli
725 1468 927 1541 criticorum
954 1468 1074 1560 visua,
1123 1467 1236 1540 donec
1266 1465 1406 1540 duobus
1445 1473 1595 1544 saeculis
1624 1479 1705 1570 post
1740 1473 1782 1547 iu
1846 1449 1849 1466 ⁴

194 1605 311 1678 lucem
342 1607 540 1701 protractus
577 1601 764 1672 thesauros
792 1601 1033 1675 Bibliothecae
1046 1673 1049 1680 ,
1062 1600 1146 1676 olim
1172 1585 1322 1698 Regiae*
1345 1598 1531 1674 Parisiuae
1570 1605 1783 1681 nocituris

194 1735 270 1814 Nee
302 1735 364 1810 diu
391 1733 460 1808 fuit
488 1757 568 1806 cum
594 1733 650 1806 vir
679 1732 970 1833 diligentissimus
999 1732 1043 1806 Ε.
1070 1734 1309 1806 Millerus
1350 1732 1518 1832 (Periple
1547 1735 1592 1808 dc
1619 1737 1779 1813 Marcion

196 1869 403 1942 d’Heraclee
439 1837 606 1967 hipitome
640 1865 898 1941 d'Artemidore
926 1867 1064 1942 Isidore
1102 1866 1147 1939 de
1177 1865 1322 1938 Charax
1351 1871 1418 1940 ete.
1457 1892 1505 1938 ou
1544 1865 1785 1967 Suppltarent

195 2027 269 2074 aux
298 2000 481 2074 dernieres
508 2000 660 2074 editions
695 1999 759 2074 des
792 2002 899 2099 petits
929 2000 1165 2100 Geograpbes
1206 1999 1344 2098 d'apres
1382 2024 1433 2070 un
1459 1999 1657 2076 Manuscrit
1683 2001 1778 2078 Grec

195 2133 241 2205 de
267 2135 304 2205 la
323 2133 417 2212 Bibl.
444 2135 538 2229 Roy.
564 2133 668 2206 Paris
704 2135 831 2231 1839.)
874 2158 985 2207 novas
1013 2133 1132 2231 copias
1160 2134 1199 2206 in
1227 2157 1332 2206 usum
1359 2131 1540 2230 publicum
1566 2137 1691 2229 vertit,
1729 2116 1785 2210 ita

194 2274 315 2341 tamen
349 2274 390 2338 ut
414 2265 633 2340 Artemidori
667 2265 868 2366 Isidormue
910 2291 1039 2340 novam
1059 2268 1265 2340 ‘instrueret
1303 2265 1513 2360 editionem,
1556 2269 1595 2340 in
1633 2269 1781 2368 reliquis

194 2399 411 2498 geographis
438 2400 524 2474 satis
555 2399 705 2472 baberet
732 2398 973 2474 diversitatem
1000 2401 1196 2499 scripturae
1226 2408 1402 2472 enatasse.

293 2531 371 2602 Iam
398 2533 538 2630 optimis
567 2523 865 2632 Geographorum
902 2535 1078 2608 minorum
1102 2533 1263 2632 partibus
1308 2533 1456 2628 (etenim
1488 2557 1575 2630 quos
1608 2535 1779 2609 hactenus

194 2664 477 2758 remeavimus,
520 2665 588 2738 flos
618 2675 654 2738 et
690 2666 802 2738 robur
830 2676 913 2742 sunt
941 2669 1098 2768 corporis
1127 2666 1262 2761 totius)
1298 2666 1469 2764 paulatim
1494 2666 1673 2764 vulgatis,
1710 2691 1787 2740 ex··

193 2800 264 2872 titit
301 2800 362 2897 qui
400 2800 681 2896 copiosissimum
716 2798 1012 2901 Geograpborum
1049 2800 1271 2875 Graecorum
1303 2797 1499 2896 syntagma
1534 2796 1777 2889 meditaretur,

194 2930 340 3004 Lucas
360 2931 643 3023 Holstenius,
672 2957 694 3002 a
715 2931 990 3008 Phil.Cluve1io
1018 2960 1084 3034 par
1111 2935 1278 3008 itinerum
1307 2932 1587 3029 opportunitates
1615 2929 1662 3002 ad
1690 2954 1778 3028 geo-

195 3064 368 3164 graphiae
394 3062 512 3137 studia
535 3065 637 3160 quasi
667 3063 839 3139 deductus
867 3091 1059 3164 eorumque
1087 3065 1409 3161 promovendorum
1436 3064 1628 3162 cupiditate
1654 3063 1786 3161 singu-¹

194 3199 263 3272 lari
287 3198 466 3270 incensus.
531 3196 589 3269 De
616 3198 715 3270 euius
744 3200 899 3272 consiliis
928 3198 1092 3298 quoniam
1120 3195 1206 3268 satis
1233 3195 1271 3265 in
1297 3192 1418 3271 Praei.
1445 3194 1609 3286 Dionysii
1637 3194 1780 3289 Perieg.

194 3358 231 3431 p.
259 3329 451 3408 v-vffl,
481 3329 630 3421 dietum,
667 3331 734 3403 hoc
769 3333 847 3405 loco
879 3332 1002 3430 paucis
1028 3327 1277 3427 defungemur.
1345 3323 1384 3398 Is
1412 3333 1556 3398 strenue
1584 3323 1777 3396 bibliothe-

196 3490 256 3540 cas
282 3463 488 3537 Britanniae
518 3462 725 3562 Galliaeque
752 3471 1018 3563 persorutatus,
1060 3461 1238 3536 advocatis
1268 3461 1375 3536 etiarn
1404 3459 1596 3534 amicorum
1623 3455 1779 3547 auxiliis,

196 3598 417 3674 uberrimum
442 3595 496 3668 rei
522 3595 613 3668 bene
639 3598 819 3696 gerendae
845 3599 1118 3672 instrumentum
1146 3596 1212 3669 sub
1250 3620 1283 3667 a.
1319 3597 1426 3667 leel.
1461 3593 1669 3690 conquirere
1696 3617 1780 3666 eoe-

196 3732 262 3830 pit.
329 3729 404 3805 Sed
444 3730 550 3829 paulo
588 3739 669 3828 post
701 3731 899 3833 ,rationibus
940 3732 1033 3806 vitae
1070 3729 1213 3802 mutatis
1248 3735 1284 3802 et
1325 3727 1372 3799 ad
1408 3727 1528 3798 aulam
1568 3723 1782 3825 pontificiam

197 3864 379 3940 traductus
408 3863 533 3936 maluit
558 3863 596 3934 in
628 3864 755 3936 littaris
785 3862 1029 3936 ecclesiasticis
1066 3862 1248 3952 babitare,
1289 3861 1418 3958 qrribus
1446 3859 1687 3940 diversissima
1714 3856 1781 3930 do-

199 3997 310 4072 ctrina
339 4021 492 4094 genera,
531 4002 572 4068 ut
600 4005 677 4068 erat
703 3997 810 4069 homo
838 4004 967 4068 natura
992 3997 1132 4070 mobilis
1162 4003 1197 4067 et
1226 3993 1464 4092 polymathiae
1502 4002 1694 4092 appetens,
1734 3992 1781 4064 li-

198 4129 285 4204 bera
323 4130 405 4228 lege
442 4128 623 4204 miscebat.
691 4129 927 4222 Quamobrem
962 4153 1066 4204 nemo
1100 4127 1249 4200 miretur
1276 4128 1320 4201 ab
1350 4152 1392 4200 eo
1428 4126 1598 4225 pleraque
1627 4149 1782 4226 geogra-

198 4234 304 4360 phiae
331 4260 503 4361 profanae
535 4271 782 4355 monumenta,
822 4263 981 4362 quamvis
1022 4286 1137 4361 pauca
1172 4269 1309 4334 tantum
1344 4260 1391 4334 ad
1424 4261 1554 4332 iustam
1592 4258 1783 4333 editionem

200 4419 390 4492 superesse
417 4402 564 4488 narret,
603 4395 694 4470 adeo
731 4396 858 4472 leviter
893 4397 1058 4469 inchoata
1084 4394 1198 4470 luisse
1209 4445 1224 4486 ,
1264 4402 1305 4467 ut
1334 4419 1425 4494 quae
1454 4393 1548 4493 typis
1578 4392 1673 4466 edita
1700 4391 1791 4481 sint,

202 4553 250 4602 ex
285 4527 465 4604 laboribus
502 4530 676 4627 postumia
715 4530 831 4604 omnia
861 4495 1080 4627 prodierint,
1127 4528 1256 4629 partim
1293 4528 1439 4602 summis
1479 4526 1583 4600 lineis
1620 4547 1783 4624 compre-

201 4661 326 4745 heum.
393 4663 505 4738 Velut
539 4687 612 4738 non
645 4662 815 4738 obscurae
852 4669 936 4740 sunt
971 4659 1086 4740 Notae
1124 4670 1159 4738 ct
1198 4660 1457 4763 castigationes
1495 4659 1535 4734 in
1562 4657 1789 4758 Stephanum.
