4130 5642
936 665 1134 678 *ιιι-ιιι·

243 801 345 876 stolis
374 801 452 874 eius
481 806 629 898 poetae,
668 802 730 899 qui
756 799 933 898 Scymuus
964 800 1075 875 Chius
1103 799 1332 900 perhibetur,
1361 801 1475 876 sicubi
1504 803 1673 878 historiae
1699 771 1825 880 civita-

242 935 331 1007 tium
347 941 383 1006 et
404 935 617 1032 populorum
636 943 719 1008 sunt
742 933 1021 1007 adumbrandoe.
1069 932 1218 1008 Constat
1236 942 1354 1007 autern
1379 934 1518 1009 duabus
1539 939 1712 1036 partibus,
1733 965 1825 1040 qua·

241 1091 322 1142 rum
341 1066 511 1140 maiorem
528 1065 725 1160 Palatinus,
748 1069 897 1142 aiteram
910 1067 1108 1140 Vaticanus
1133 1068 1227 1141 iiber
1244 1067 1431 1141 Holsteuio
1451 1071 1702 1169 suppeditavit.
1749 1072 1825 1146 Ita-

240 1224 310 1298 que
328 1198 483 1272 debebat
510 1200 555 1273 ab
570 1201 765 1275 editoribus
790 1203 829 1274 in
855 1227 967 1274 nuum
995 1226 1123 1299 corpus
1151 1200 1320 1291 conflari3
1349 1200 1413 1275 sed
1427 1201 1635 1298 Hudseuus,
1660 1230 1730 1305 qua
1757 1204 1826 1278 fuit

239 1331 402 1406 socordia
430 1335 489 1406 vel
518 1332 694 1408 oblivione
721 1335 939 1427 litterarum,
976 1336 1134 1432 priorem
1167 1335 1374 1433 particulam
1408 1335 1446 1406 iu
1473 1336 1609 1432 primo,
1649 1338 1827 1438 posterio-

238 1492 315 1540 rem
346 1468 384 1538 in
414 1468 519 1542 tertio
547 1467 846 1568 Geographornm
874 1471 1021 1540 suom'm
1047 1469 1227 1541 volumine
1262 1468 1402 1542 locant.
1471 1469 1547 1542 Nos
1582 1472 1620 1542 in
1649 1474 1694 1545 iis
1720 1471 1827 1545 Peri-

239 1601 290 1700 pti
327 1599 459 1677 finibus
494 1626 642 1700 operam
678 1600 955 1694 continebimus,
1008 1627 1096 1702 quos
1135 1603 1198 1674 nni
1237 1601 1400 1676 Psintino
1438 1602 1623 1677 debemus.
1689 1603 1827 1678 Eodem

239 1733 437 1810 Salmasius
467 1741 503 1806 et
535 1735 743 1808 Hoistenius
781 1734 838 1808 usi
878 1742 982 1824 sunt3
1024 1734 1090 1808 sed
1125 1737 1373 1836 apographum
1399 1733 1681 1828 Salmasiauum,
1718 1739 1827 1835 paulo

238 1868 464 1943 festinantius
491 1868 581 1942 illud
615 1867 769 1961 sactum,
814 1867 1005 1940 admodmn
1042 1869 1267 1968 negligenter
1301 1877 1545 1968 propagarunt
1582 1869 1633 1943 Is.
1659 1869 1828 1963 Vossius,

238 2002 309 2078 Iac.
340 2001 565 2096 Gronovius,
603 2001 811 2074 Hudsonus.
875 1999 1018 2075 Etenim
1052 2001 1112 2093 hi,
1153 2027 1367 2100 quamquam
1406 2002 1445 2076 in
1486 2004 1637 2102 singuiis
1663 2003 1828 2078 versibus

238 2137 416 2210 incessum
442 2157 673 2211 numerorum
700 2143 863 2234 poterant
891 2136 1047 2226 sentire,
1074 2141 1195 2208 vastos
1223 2136 1331 2208 etiam
1359 2135 1480 2210 hiatus
1507 2135 1754 2234 perferebant,
1787 2144 1829 2210 ut

240 2271 295 2335 sui
335 2263 424 2332 πᾶσι
468 2273 537 2340 τοῖς
568 2261 702 2348 Ἕλλησι
744 2264 979 2353 ἀγνοουμένην.
1054 2263 1234 2338 Accusare
1275 2271 1397 2336 tamen
1437 2263 1586 2341 Bestius
1632 2262 1703 2362 Ep.
1737 2261 1828 2338 Crit.

238 2417 275 2489 p.
306 2393 483 2464 12-34.
508 2390 712 2464 Palatinum
735 2392 914 2484 excussit,
942 2391 1131 2490 perpaucis
1160 2390 1300 2464 omissis
1335 2390 1393 2486 (ut
1420 2417 1457 2488 p.
1477 2397 1514 2483 9,
1544 2394 1606 2462 22.
1635 2390 1830 2479 εὕβοτὰνος,

238 2531 304 2606 ubi
329 2531 408 2604 Pal.
437 2539 560 2629 aperte
593 2529 740 2630 refingit
777 2532 933 2619 εὔβοτος,
966 2557 1004 2630 p.
1032 2533 1101 2624 13,
1127 2533 1190 2605 30.
1224 2535 1272 2610 εἰς
1314 2535 1374 2601 τὸν
1406 2530 1520 2619 Αἶμον
1552 2535 1613 2610 τὰς
1646 2526 1830 2622 ὑπωρείας,

239 2693 277 2764 p.
302 2664 362 2758 15,
390 2666 450 2738 14.
476 2668 607 2754 μνήμην
641 2674 813 2748 ποιεῖται,
847 2666 944 2767 quod
966 2675 1127 2766 praestat
1151 2648 1299 2768 vulgato
1332 2694 1365 2753 μ.
1395 2675 1508 2750 ποιεῖ,
1541 2692 1588 2742 ne
1615 2665 1828 2740 manifestos

240 2830 380 2878 errores
418 2806 638 2900 cumulem),
687 2831 752 2878 nec
791 2806 887 2905 quod
925 2809 1047 2907 rnagni
1084 2808 1255 2883 momenti
1292 2807 1338 2880 sit
1375 2805 1514 2880 referre
1547 2806 1649 2879 nobis
1674 2806 1829 2903 reliquit.

238 2937 385 3010 Interim
414 2938 674 3010 animadversio
703 2963 824 3012 rerrnn
851 2940 1027 3017 leviorum
1055 2940 1163 3014 hebet
1189 2942 1479 3040 aliquantum
1504 2940 1543 3012 in
1571 2963 1614 3012 eo
1644 2941 1827 3038 scriptore,

239 3070 340 3142 cuius
369 3094 416 3141 ex
454 3069 573 3142 verbis
601 3070 732 3144 senarii
769 3097 863 3144 nunc
899 3097 967 3144 sua
1000 3082 1127 3170 sponte
1163 3074 1350 3170 prodiere,
1392 3097 1485 3145 nunc
1524 3073 1709 3171 operosius
1745 3082 1828 3144 tan·

241 3227 346 3302 qnam
375 3203 571 3276 auctarium
597 3203 743 3298 Scymni
772 3203 852 3278 Chii
890 3205 1033 3303 praeusi
1060 3212 1155 3278 sunt.
1224 3204 1302 3296 Quo
1330 3205 1368 3276 in
1400 3205 1543 3304 negotio
1570 3229 1697 3302 pamm
1726 3214 1828 3278 caute

239 3337 350 3414 eutici
377 3335 632 3429 versabantur,
660 3338 763 3412 unice
790 3338 959 3412 trimetris
985 3338 1045 3410 vel
1069 3337 1163 3428 male
1191 3337 1283 3409 netis
1311 3337 1454 3427 intenti3
1485 3357 1697 3435 quamquam
1725 3340 1828 3412 Ano-

240 3496 368 3566 nymus
396 3495 469 3544 non
495 3471 612 3542 onmia
629 3445 810 3569 perpetua
837 3472 931 3546 serie
958 3470 1151 3568 coniungit,
1181 3469 1245 3544 sed
1276 3495 1522 3569 quameunque
1549 3470 1709 3547 uobtiam
1736 3495 1829 3571 geu-

239 3604 328 3679 tium
355 3606 414 3677 vel.
452 3605 610 3678 locorum
635 3605 688 3676 illi
713 3603 859 3710 fortuna
893 3604 1019 3698 obtulit
1057 3605 1164 3702 paulo
1203 3601 1473 3695 notabiliorem,
1514 3627 1594 3676 eam
1636 3604 1742 3676 eliam
1780 3630 1828 3678 ex

240 3739 309 3814 alia
336 3739 434 3812 nulio
463 3738 664 3812 discrimine
692 3739 810 3813 nectit.
865 3739 955 3812 Utar
984 3737 1149 3834 exemplo
1178 3734 1235 3808 ed.
1264 3734 1487 3814 Mainalos.
1516 3738 1591 3810 820
1604 3741 1728 3812 —23.

899 3901 954 3962 ani
978 3894 1177 3982 κατοικῆσαί
1202 3918 1297 3971 τινας

436 4034 484 4107 εἰς
507 4033 568 4118 τὴν
593 4029 712 4100 Ἀσίαν
736 4027 922 4113 biberunt,
954 4029 1011 4106 οὓς
1035 4031 1078 4117 δὴ
1105 4035 1161 4096 καὶ
1184 4031 1296 4106 Σάκας

438 4165 610 4236 καλοῦσιν.
657 4165 887 4254 eucopoteron
913 4165 1004 4235 εἶναί
1030 4183 1115 4253 φησι
1136 4163 1174 4230 δὲ

435 4303 474 4367 τὸ
498 4301 727 4391 Σαυροματῶν
752 4306 808 4370 καὶ
833 4299 902 4370 τοῖν
927 4299 1088 4369 Γελωνῶν
1113 4304 1169 4366 καὶ
1193 4304 1309 4388 τρίτον
1335 4300 1403 4366 κτλ.

337 4451 438 4528 Hace
467 4477 586 4552 nequo
611 4453 805 4526 cohaerent
830 4461 872 4526 et
903 4452 1036 4526 misere
1058 4450 1180 4523 vincta
1213 4446 1379 4550 coarguit
1410 4454 1485 4520 tam
1513 4445 1756 4548 interpunctio
1789 4469 1825 4520 v.

241 4587 329 4665 822.
355 4613 461 4688 ηαιαι
484 4596 669 4665 contortus
694 4589 765 4662 iste
788 4587 981 4664 verborum
1006 4583 1148 4686 positus
1173 4583 1265 4654 eleut
1290 4602 1375 4672 φησι
1408 4583 1460 4652 etz
1498 4605 1714 4684 quamquam
1747 4605 1827 4653 mo-

241 4723 320 4797 iora
352 4743 464 4796 mnus
488 4724 713 4798 Latronnius
738 4724 910 4804 καλοῦσιν.
958 4723 1060 4801 ἔθνος
1094 4719 1324 4811 εὐσημότατα
1347 4721 1388 4790 δέ
1409 4739 1496 4811 φησι
1522 4715 1584 4815 cel.
1642 4723 1693 4791 nt
1724 4725 1828 4792 utra·
