4130 5642
919 568 1117 700 A..

232 845 309 902 rem
334 832 473 900 coactos
501 821 655 903 editione
682 819 837 920 parabili·
864 818 1057 921 dimdgorit
1082 826 1120 894 et
1150 819 1407 896 commentariis
1434 845 1507 894 nan
1537 818 1723 896 laboriosis
1751 845 1811 896 res

233 986 256 1034 a
281 957 519 1059 Geograpbis
532 981 626 1033 nove
654 956 713 1032 vel
736 954 846 1062 *doec
871 955 1028 1054 prolatas
1051 977 1118 1028 sua
1141 954 1181 1031 in
1207 955 1288 1030 luce
1315 955 1490 1029 collocare
1517 953 1618 1028 sciat.

967 1173 1067 1188 w

864 1451 868 1456 -
926 1389 1038 1500 dapnt
1076 1393 1118 1479 ll.

328 1607 405 1690 lam
442 1604 676 1710 percurrendi
713 1615 798 1682 sunt
829 1606 857 1681 ii
888 1558 1116 1709 Gecgraphi,
1154 1632 1243 1708 quos
1280 1630 1486 1682 concessum
1521 1613 1577 1682 cst
1607 1571 1821 1682 diversitate

227 1744 426 1845 scripturae
466 1769 487 1817 e
531 1727 710 1818 codicibus
747 1741 859 1841 petita
897 1743 956 1818 vel
991 1741 1187 1853 emendatis
1224 1741 1435 1816 lectionibus
1475 1739 1636 1814 nonnihil
1676 1741 1813 1820 iuvare.

229 1879 319 1990 Utar
342 1877 466 1955 ordine
495 1883 531 1951 et
558 1874 698 1975 paginis
724 1873 991 1972 Hudsoniauae.

719 2110 761 2198 1.
799 2056 1053 2180 mannonis
1079 2109 1321 2198 Periplus.
1479 2173 1481 2180 Α

328 2288 433 2364 Hune
462 2283 636 2362 Gelenius
655 2283 860 2386 'diligentes
894 2315 943 2364 ex
969 2291 1075 2366 unico
1099 2291 1221 2386 fonte,
1246 2293 1315 2364 lrcc
1340 2297 1418 2383 cst,
1446 2285 1529 2364 MS.
1555 2287 1718 2362 Palatino
1747 2285 1817 2360 dc·

231 2421 394 2520 scr-ipsit,
420 2443 486 2494 nec
510 2418 660 2527 Rastius
681 2417 752 2518 Ep.
781 2418 872 2495 (bit.
894 2447 933 2521 p.
961 2428 1024 2502 42.
1052 2423 1176 2502 hebuit
1201 2425 1299 2498 illius
1324 2447 1537 2524 quamquam
1565 2446 1723 2495 emonem
1747 2445 1817 2493 no*

230 2557 310 2628 tare
335 2554 479 2646 praeter
501 2573 540 2644 p·
557 2549 674 2640 3,.23.
700 2551 785 2634 μετὰ
810 2575 876 2648 pro
903 2555 1012 2638 μεστὰ
1039 2552 1220 2650 scriptura
1243 2551 1393 2627 codicia.
1442 2551 1528 2650 Ipse
1551 2550 1707 2649 paucula
1729 2573 1815 2646 rep·

231 2683 333 2782 peri,
369 2707 451 2758 oum
486 2679 641 2757 amdam
666 2681 751 2756 Pal.
776 2685 1054 2782 pertractabam.
1112 2687 1157 2759 P.
1188 2688 1312 2779 a‚14.
1350 2689 1647 2778 παραλλάξαντες,
1676 2689 1818 2759 rectum

231 2843 298 2917 pro
328 2815 499 2892 mendoso
540 2819 829 2928 παραλλάξαντας.
897 2820 1005 2914 P.3‚
1033 2821 1092 2894 18.
1125 2828 1253 2908 Χρεαης
1286 2821 1366 2893 sine
1405 2826 1575 2913 accentu,
1618 2818 1659 2892 in
1699 2843 1817 2918 marg.

232 2953 330 3038 λίμνη
352 2975 485 3040 χρετηςτ
511 2975 598 3050 ergo
624 2949 796 3026 librarius
819 2952 959 3053 aliquid
981 2955 1064 3030 vitii
1088 2953 1391 3036 subodorabatur.
1423 2961 1590 3046 Χρεμέαης
1615 2953 1815 3053 probabili-

232 3089 289 3156 ter
312 3083 534 3176 bochartus,
557 3081 654 3158 vidit
672 3092 793 3160 tamen
818 3087 935 3164 editor
957 3090 1255 3166 vratislavimsis
1277 3090 1439 3191 Klugius
1459 3117 1503 3188 p.
1517 3093 1582 3165 33.
1605 3091 1710 3164 lu'are
1731 3113 1816 3164 ver-

232 3217 362 3306 berum
385 3219 589 3300 iuncturam
612 3245 661 3296 ex
682 3220 882 3321 intercepta
905 3223 1061 3314 formula
1094 3221 1121 3314 ᾧ
1140 3225 1270 3310 ’ὄνομα
1295 3221 1335 3312 ἢν
1366 3225 1425 3300 vel
1449 3224 1573 3299 simili.
1628 3224 1673 3296 P.
1697 3222 1736 3315 5,
1751 3226 1816 3298 lo.

233 3361 318 3438 anta
342 3353 377 3424 δ’
401 3355 560 3455 itemque
585 3352 647 3434 15.
671 3363 754 3436 onte
776 3363 935 3445 μέγιστον
960 3358 1098 3462 diqaid
1122 3385 1279 3437 erasum.
1328 3360 1391 3436 14.
1422 3354 1534 3454 οὗτος]
1560 3355 1680 3440 τοῦτο,
1703 3364 1816 3451 recte,

235 3487 332 3590 quud
355 3489 584 3570 Hnlsteniunr
607 3491 814 3592 contagio.

332 3632 604 3704 Monumentmn
629 3634 789 3731 quamvis
815 3657 1010 3731 paucarum
1033 3635 1257 3734 pagellarum
1280 3631 1407 3704 florem
1424 3631 1611 3704 doctorum
1633 3631 1816 3712 honrimnn

237 3764 418 3856 exercuit,
457 3763 555 3862 qued
591 3791 686 3839 nunc
717 3791 784 3841 ,ens
813 3767 874 3866 qui
909 3769 1117 3842 commercia
1139 3765 1279 3838 Punica
1305 3763 1573 3856 scrutabantur,
1601 3788 1697 3840 nunc
1724 3787 1816 3862 geo·

235 3899 391 3997 graphas
419 3899 570 3974 advertit
604 3899 644 3972 in
659 3900 959 4000 “navigatimibus
992 3926 1061 4002 per
1085 3925 1186 3973 oram
1211 3897 1357 3972 Africae
1371 3898 1638 3974 cccidmtalem
1663 3921 1816 3974 remm-

234 4038 304 4106 tea.
366 4031 648 4133 itaquaumgna
673 4035 732 4108 vis-
755 4033 1015 4112 dissensicnum
1046 4041 1084 4106 et
1112 4032 1433 4110 cnatrnrcrsiarnm
1458 4039 1577 4107 onom
1604 4037 1661 4106 est
1683 4032 1725 4108 in
1753 4032 1820 4108 inm

235 4155 474 4263 tmpratandis
497 4167 704 4242 nominihus
726 4167 787 4242 rel
812 4168 921 4243 locist
949 4192 1040 4266 quac
1057 4165 1201 4266 quidem
1227 4169 1396 4266 persequi
1420 4191 1515 4240 nunc
1541 4165 1630 4240 nibil
1655 4163 1704 4242 ad
1732 4191 1817 4240 noea

237 4298 458 4398 Quemquam
493 4297 635 4374 interim
665 4317 858 4376 ‚monemus
901 4301 942 4374 in
982 4300 1176 4399 Hispanico
1217 4299 1529 4400 Gamponanis
1578 4299 1816 4398 disputatione

238 4431 493 4532 (Antigiieded
525 4434 701 4508 maritinm
739 4435 788 4509 da
824 4435 860 4510 la
887 4432 1090 4533 Republica.
1111 4433 1164 4510 de
1185 4433 1359 4534 Cartagc.
1394 4431 1502 4508 -smn
1530 4435 1565 4508 el
1595 4433 1739 4530 Pcriplo
1766 4429 1817 4508 do

141 4651 143 4658 Ι
239 4587 284 4638 su
313 4569 460 4663 gamul
495 4567 682 4660 Hannon,
707 4567 799 4643 aad.
829 4574 854 4642 ⁴b
886 4565 1076 4666 illmuado.
1109 4593 1178 4668 par
1193 4569 1257 4640 11.
1284 4567 1403 4642 Pedro
1436 4567 1485 4642 R.
1515 4565 1638 4665 (lamp.
1668 4562 1818 4644 Madau

241 4698 350 4774 1756.
375 4700 449 4798 1.),
491 4724 598 4800 quam
622 4699 729 4776 multi
759 4707 928 4802 tanquam
962 4700 1131 4775 eximium
1169 4699 1317 4775 landant
1356 4699 1572 4793 subsidium,
1610 4696 1689 4772 lenc
1722 4696 1813 4774 nihil
