4130 5642
936 601 1133 718 Δρ..-

606 835 651 906 6.
705 801 1089 912 cnicsoomamta
1127 831 1458 915 §frobeniana

340 1011 525 1112 Epitome,
565 1013 597 1084 si
625 1011 768 1112 quidem
804 1011 975 1086 ambitum
1004 1022 1227 1112 spectamus,
1263 1015 1350 1087 satis
1391 1015 1508 1114 ampla
1544 1013 1694 1118 (quippe
1721 1025 1824 1122 pagi·

240 1169 306 1219 nas
334 1151 417 1219 229.
451 1146 547 1244 apud
573 1145 785 1218 Hudsonum
812 1147 1002 1245 implens);
1041 1147 1096 1220 sin
1125 1171 1230 1220 usmn
1259 1156 1509 1246 excerptorum
1537 1157 1573 1221 et
1600 1153 1824 1249 prudentiam

240 1277 471 1371 breviatoriS,
499 1281 735 1380 perexiguum
762 1279 870 1352 habet
896 1283 1050 1378 pretium
1077 1305 1117 1352 ao
1145 1306 1227 1353 raro
1256 1279 1394 1356 confert
1422 1283 1468 1354 ad
1486 1279 1672 1358 Strabonis
1700 1312 1825 1360 emen·

240 1409 440 1484 dationem:
487 1421 527 1485 ut
561 1414 599 1487 in
639 1415 818 1512 plerisque
858 1414 1018 1512 partibus
1055 1439 1097 1486 ea
1136 1413 1224 1486 eitra
1262 1413 1431 1488 damnum
1468 1439 1591 1490 carere
1634 1419 1823 1515 possimus.

239 1540 414 1618 Nimirum
441 1546 549 1619 huius
582 1545 704 1645 opifex
733 1571 832 1619 more
862 1547 994 1620 saeculi
1023 1546 1169 1639 decimi,
1199 1547 1339 1646 quando
1368 1549 1486 1622 studia
1514 1547 1687 1622 librorum
1714 1577 1824 1650 gran-

239 1675 337 1749 dium
365 1686 400 1750 et
428 1680 618 1752 illustrium
648 1680 921 1754 breviandorum
950 1680 1043 1753 inter
1072 1679 1284 1775 Byzantinos
1314 1681 1524 1774 fervebant,
1557 1684 1713 1782 maligna
1740 1685 1824 1758 bre-

237 1809 345 1883 vitate
379 1811 587 1884 thesaurum
621 1811 832 1887 ditissimum
860 1816 898 1887 in
935 1815 1118 1912 angustias
1147 1817 1284 1914 coegit,
1323 1839 1473 1914 cumque
1501 1816 1607 1913 pleno
1637 1815 1824 1891 Strabonis

239 1944 402 2041 exemplo
431 1953 615 2037 uteretur,
642 1947 748 2019 homo
777 1947 945 2020 mediocri
973 1944 1102 2020 iudioio
1131 1950 1282 2020 multum
1309 1948 1472 2020 diversus
1500 1949 1545 2022 ab
1575 1958 1717 2022 auctore
1733 1947 1823 2049 Epi·

236 2082 373 2168 tomes,
414 2103 505 2176 quae
539 2081 579 2152 in
617 2079 736 2153 codice
774 2079 957 2154 Palatinae
995 2082 1235 2155 Bibliothecae
1276 2107 1370 2154 nuno
1385 2079 1572 2154 ‘Vaticano
1613 2083 1822 2178 continetur,

237 2232 296 2281 res
326 2211 520 2308 exquisitas
547 2238 654 2311 parea
681 2239 790 2286 manu
818 2213 997 2307 delibavit,
1026 2242 1092 2290 neo
1120 2218 1211 2289 solet
1237 2216 1334 2288 looos
1362 2217 1468 2313 paulo
1495 2216 1673 2313 copiosius
1700 2241 1821 2312 perse·

237 2341 318 2437 qui,
355 2344 392 2414 in
428 2345 556 2443 quibus
584 2355 646 2420 aut
680 2348 925 2446 supplementa
957 2349 1158 2423 ministrare
1174 2381 1176 2386 ’
1192 2349 1292 2422 licuit
1330 2355 1392 2420 aut
1431 2349 1626 2421 orationem
1662 2374 1823 2422 maneam

236 2477 420 2548 resarcire.
475 2479 566 2552 Hinc
594 2503 773 2579 perpauca
801 2481 1039 2578 suppeditavit
1066 2483 1105 2555 ib
1132 2482 1255 2554 mutilo
1283 2480 1355 2554 fine
1382 2482 1406 2558 l.
1430 2481 1516 2554 Vll.
1547 2491 1654 2580 atque
1680 2485 1823 2554 omnino

237 2607 483 2682 contrahendis
509 2614 568 2684 vel
596 2613 774 2685 mutandis
801 2614 919 2686 verbis
947 2613 1075 2688 faciem
1102 2616 1220 2713 operis
1237 2613 1464 2688 Straboniani
1481 2615 1713 2688 vehementer
1735 2639 1821 2713 per·
1874 2637 1879 2648 ·

236 2741 352 2814 vertit.
404 2743 461 2816 De
490 2769 559 2842 quo
586 2747 722 2817 monuit
745 2743 935 2820 Cramerus
963 2756 1149 2820 comment.
1179 2748 1224 2819 de
1252 2746 1356 2819 codd.
1384 2745 1503 2820 Strab.
1531 2773 1567 2845 p.
1590 2753 1651 2820 24.
1680 2748 1755 2822 sive
1783 2749 1820 2823 iu

234 2875 349 2972 praef.
380 2873 499 2954 Strab.
529 2877 575 2949 Τ.
603 2876 633 2949 Ι.
660 2905 696 2976 p.
725 2883 785 2951 42.
814 2905 867 2978 sq.

299 3045 300 3050 1
336 3007 654 3083 Chrestomatbiam
693 3014 799 3085 istam
833 3039 927 3086 unus
956 3017 1111 3088 servavit
1138 3012 1345 3105 Palatinus,
1385 3015 1423 3086 in
1452 3014 1520 3086 hac
1548 2995 1688 3113 queque
1716 3025 1821 3113 parte

236 3141 322 3212 satis
351 3142 523 3216 mendose
551 3142 769 3242 descriptus,
809 3171 913 3244 quem
941 3147 1027 3218 satis
1054 3145 1209 3218 fideliter·
1245 3147 1283 3217 in
1311 3145 1395 3217 edit.
1419 3147 1616 3219 basileensi
1646 3146 1819 3226 Gelenius

236 3275 424 3371 expressit.
493 3276 678 3376 Ingentem
706 3287 825 3352 tamen
855 3278 1065 3352 mendorum
1091 3279 1163 3350 vim
1191 3277 1317 3348 collato
1345 3277 1523 3352 Strabone
1551 3301 1632 3350 oum
1658 3280 1719 3351 alii
1752 3305 1817 3352 su-

234 3395 431 3499 stulerunt,
471 3418 549 3483 tum
580 3409 833 3502 Casaubonus3
878 3436 1092 3510 quamquam
1127 3411 1166 3483 bi
1204 3411 1298 3482 iusto
1335 3410 1477 3508 longius
1512 3413 1696 3510 progressi
1736 3423 1819 3488 sunl

114 3516 118 3521 ⁵
233 3535 273 3608 in
307 3538 567 3635 supplementis
593 3538 850 3612 obtrudendisz
882 3548 923 3613 ut
947 3567 985 3638 p.
1013 3538 1098 3632 125,
1123 3535 1186 3612 27.
1221 3539 1273 3606 ἔτι
1298 3539 1335 3604 δὲ
1355 3534 1448 3614 Ἕλος
1477 3547 1532 3606 καὶ
1555 3534 1672 3607 ‘Electa
1701 3542 1824 3633 [ὲκλή.

234 3675 366 3754 θησαν,
398 3672 455 3739 ded
488 3675 527 3739 τὸ
560 3673 616 3739 ἐπὶ
647 3683 715 3749 τοῖς
750 3671 862 3742 ἕλεσιν
895 3673 1099 3768 findatur]
1142 3671 1203 3741 νῦν
1238 3673 1275 3739 δὲ
1306 3670 1520 3761 inciperam.
1580 3676 1631 3746 At
1665 3674 1818 3748 sublatis

235 3808 437 3906 emplastris
463 3833 553 3881 sana
578 3807 673 3882 redit
701 3810 898 3882 sententia:
931 3811 1120 3901 Plataeas,
1157 3805 1276 3880 Halon
1310 3813 1347 3878 et
1370 3807 1553 3902 lleleona,
1591 3810 1670 3882 loca
1701 3833 1818 3908 quon-

234 3939 318 4014 dam
339 3943 536 4040 paludibus
566 3943 705 4037 vicina,
738 3943 847 4018 hodie
880 3945 919 4017 in
951 3945 1041 4018 loeis
1074 3941 1348 4024 mediterraneis,
1380 3950 1517 4016 extare.
1574 3939 1704 4043 Longe
1736 3969 1817 4016 sae-

233 4078 316 4176 pius
341 4077 507 4178 singulae
531 4103 637 4152 voces
661 4086 804 4179 praeter
826 4080 1079 4153 necessitatem
1103 4079 1347 4152 inculcanturt
1382 4086 1424 4151 ut
1448 4105 1486 4178 p.
1513 4078 1600 4151 206.
1627 4087 1721 4152 extr.
1746 4087 1817 4148 Eo-

235 4207 292 4288 ρία
319 4206 401 4298 post
426 4204 537 4288 Κοίλη.
584 4201 645 4275 Ex
669 4201 796 4276 eodem
825 4203 938 4302 igitur
953 4202 1119 4275 Palatino
1143 4199 1323 4300 hodieque
1349 4202 1489 4301 largam
1514 4199 1713 4299 scripturae
1740 4201 1817 4274 dis-

234 4329 450 4424 crepantiam
479 4330 593 4425 repeti
629 4354 735 4426 posse
770 4331 944 4430 quispiam
982 4330 1170 4421 coniectet,
1199 4337 1315 4401 motus
1343 4327 1457 4400 Bastii
1484 4351 1570 4400 voco
1599 4326 1668 4425 Ep.
1695 4354 1731 4425 p.
1753 4333 1816 4399 lii.

234 4453 411 4556 „Singula
445 4468 609 4551 transeo,
650 4483 695 4538 ne
731 4471 831 4536 muta
855 4465 976 4562 scripti
1008 4463 1240 4562 amplitudine
1268 4462 1419 4561 epistola
1454 4460 1542 4534 haee
1571 4461 1719 4534 nimium
1746 4483 1817 4531 ex-

233 4589 440 4664 tendatur·“
496 4596 607 4694 Atqui
633 4595 1301 4696 medioerisestproventosoodiois,
1331 4594 1469 4692 siquis
1499 4595 1651 4692 demptis
1680 4593 1813 4664 error-i-
1942 4635 1949 4655 ι

233 4724 327 4818 bus,
368 4747 456 4823 quos
486 4739 547 4800 aut
579 4727 636 4801 cd.
662 4755 718 4828 pr.
750 4733 994 4827 repraesentat
1027 4739 1092 4806 aut
1115 4729 1347 4806 Hudsoniooa
1375 4728 1606 4819 cumidevit,
1625 4725 1662 4798 id
1697 4749 1813 4824 genus
