4130 5642
220 847 259 911 et
282 837 483 909 litterarum
499 833 719 908 Graecorum
740 857 812 907 usu
835 833 951 909 frctus
975 838 1058 935 plus
1082 833 1256 935 prolicere
1273 835 1442 934 quaest).
1491 834 1593 910 Idem
1609 837 1686 912 lere
1706 840 1802 914 cadit

220 974 261 1044 in
293 968 567 1044 Dicaearchi
600 969 794 1068 reliquias,
832 993 922 1069 quas
954 969 1217 1043 emendatiores
1249 993 1318 1067 ope
1353 968 1516 1044 codicum
1541 973 1802 1068 Parisinonnm

222 1104 357 1179 additis
381 1106 585 1178 criticorum
619 1103 907 1202 suspicionibus,
938 1105 977 1176 in
1010 1106 1260 1204 plenissimum
1292 1103 1556 1178 Historicorum
1581 1105 1801 1183 Graecorum

218 1238 629 1337 eorpus(v.v01.11.)
656 1263 772 1337 nuper
797 1239 934 1336 recepit
963 1238 1005 1314 G.
1031 1240 1275 1312 Miillerus.
1323 1239 1452 1338 ltaque
1479 1240 1642 1313 criticum
1670 1269 1801 1318 munus

218 1376 257 1446 in
283 1382 386 1472 parte
411 1373 710 1476 Geographorum
733 1374 841 1474 longe
862 1374 1012 1447 nrinoris
1044 1381 1100 1446 cst
1127 1374 1254 1467 molis,
1302 1380 1410 1472 quam
1433 1373 1474 1446 in
1501 1375 1707 1455 collectioiis
1735 1403 1803 1451 au·

220 1509 379 1582 oloribus
403 1535 475 1582 usu
505 1510 617 1582 venit.
677 1507 810 1581 Contra
845 1509 963 1581 maius
997 1509 1155 1608 spatium
1189 1504 1456 1582 concedendum
1494 1517 1549 1581 est
1586 1510 1801 1609 interpreta-

219 1645 330 1736 tioni,
369 1643 475 1717 modo
501 1644 595 1716 hanc
621 1646 739 1745 legem
774 1668 987 1743 sequamur,
1021 1668 1068 1716 ne
1107 1668 1173 1742 per
1210 1643 1486 1716 ostentationem
1525 1669 1618 1742 quae
1655 1649 1802 1744 propria

220 1778 294 1849 aiut
319 1779 582 1852 commentariis
615 1777 807 1851 uberrimis
834 1776 880 1850 de
913 1778 1058 1875 populis
1087 1801 1128 1849 eo
1155 1775 1363 1877 regionibus
1397 1777 1556 1875 antiquis
1588 1803 1802 1854 coacerven-

271 2101 299 2176 *)
319 2103 466 2160 illuserunt
486 2117 550 2158 sane
574 2110 706 2174 utrosque
726 2101 842 2175 pusillae
863 2100 1047 2156 maculac'vel
1074 2100 1164 2157 lenior
1184 2100 1295 2157 sanandi
1316 2102 1400 2168 ratio,
1432 2083 1521 2175 dualia
1546 2105 1635 2159 miuus
1659 2105 1740 2161 hodie
1761 2107 1801 2162 tu·

322 2205 395 2276 piant
416 2204 444 2258 in
465 2202 577 2275 puriore
598 2210 673 2256 textu
694 2210 848 2258 versantes:
888 2217 949 2256 nam
968 2207 998 2256 ut
1016 2208 1091 2257 recte
1111 2205 1153 2257 vir
1172 2202 1301 2268 eximius,
1334 2201 1484 2276 philologis
1515 2205 1616 2276 passim
1646 2205 1743 2261 accidit
1771 2213 1802 2261 ut

321 2304 350 2360 in
375 2301 524 2358 maioribus
545 2302 670 2374 occupati
692 2319 726 2358 ne
749 2319 780 2357 ea
802 2301 910 2374 quidem
939 2309 1050 2356 cernant
1079 2317 1148 2373 qnae
1179 2310 1241 2358 ante
1268 2299 1354 2374 pedes
1383 2304 1475 2376 posita
1503 2299 1567 2360 sint.
1615 2303 1711 2360 Paucis
1741 2314 1802 2362 utar

318 2400 449 2475 exemplis
466 2401 582 2474 Scymni.
603 2401 633 2456 V.
644 2404 692 2458 90.
714 2393 816 2473 ἆττλῶς
837 2399 871 2462 θ’
893 2395 1039 2461 ἁπάντων
1059 2396 1173 2480 ὁρικῶς
1195 2400 1329 2474 διέξοδον
1346 2402 1408 2464 Καὶ
1427 2398 1483 2480 τήν
1504 2397 1581 2482 ὅλην
1603 2383 1748 2483 περίοδον
1767 2405 1802 2468 ἒν

319 2493 432 2580 ὀλίγοις
450 2503 571 2578 στίχοις.
617 2500 765 2557 llcinekius
784 2501 847 2556 dum
876 2501 996 2556 numeris
1015 2501 1147 2570 consulit,
1171 2501 1315 2557 obscuram
1336 2511 1504 2558 commentus
1526 2512 1568 2558 est
1586 2505 1802 2560 emendationem

318 2591 422 2672 ἅπλῶς
437 2599 472 2662 θ’
495 2596 524 2661 ἆ,
548 2595 619 2675 ὅρια
639 2601 691 2662 καὶ
710 2601 860 2674 διέξοδοντ
883 2617 941 2656 eam
962 2609 1052 2656 tamen
1073 2599 1185 2656 candide
1205 2609 1286 2672 negat
1306 2600 1357 2655 sibi
1375 2600 1551 2656 satisfecisse.
1601 2601 1654 2656 Sed
1673 2603 1800 2672 quoniam

318 2701 438 2774 scriptor
460 2709 553 2775 aparte
573 2701 707 2775 gloriatur
726 2700 844 2773 optimos
867 2699 958 2758 tontes
979 2709 1121 2758 auctorum
1143 2697 1182 2775 (v.
1200 2704 1268 2754 111.
1289 2693 1343 2760 τὸν
1365 2692 1519 2777 ἱστορικὸν
1542 2700 1586 2771 τίς
1604 2703 1706 2762 πίστιν
1728 2696 1800 2762 τίνα-

317 2801 422 2880 τιέμιςω
442 2797 545 2882 λόγον)
572 2801 603 2858 ab
627 2819 656 2858 se
675 2800 826 2870 adhibitos,
856 2810 969 2876 apparet
991 2802 1049 2876 ipsa
1073 2808 1170 2874 poetae
1192 2815 1303 2868 manus,
1333 2815 1387 2854 una
1407 2797 1510 2872 syllaba
1529 2807 1669 2856 revocata:
1706 2793 1736 2860 ἆ,
1765 2796 1800 2860 θ’

301 2891 462 2960 -ἇποίυτων
489 2901 650 2976 ἱστορικοῖς
678 2897 822 2972 διέξοδον.
869 2899 898 2956 V.
920 2904 968 2958 83.
999 2903 1079 2970 τίνες
1098 2891 1227 2976 ἥμεροι,
1255 2897 1334 2966 τίνες
1361 2893 1436 2957 είσίν
1461 2890 1657 2972 οίξενῶτατοι,
1683 2891 1801 2957 ’Έθεσι

315 2997 440 3073 τρόποις
463 2997 559 3072 ἔργοις
588 3021 618 3058 τε
647 2993 887 3077 βαρβαρῶτατοι.
935 2999 1061 3056 Alienum
1090 3007 1132 3055 est
1155 2996 1186 3052 ab
1209 2996 1318 3052 Graecis
1342 2994 1414 3051 istud
1446 2994 1611 3067 asyndeton:
1649 2996 1698 3051 scd
1721 2995 1800 3051 lacile

318 3107 472 3149 sermonem
492 3095 665 3150 restituemus
685 3098 741 3162 sie,
758 3098 837 3166 τίνες
857 3093 932 3154 εἰσίν
953 3093 1137 3165 α’ξενῶτατοτ
1159 3091 1275 3152 ”Edere
1301 3091 1428 3169 τρόποις
1449 3091 1473 3154 τ’
1498 3096 1598 3174 ἔργοις
1618 3117 1647 3156 τε
1668 3097 1697 3172 β.
1729 3095 1800 3150 Leve

318 3187 444 3243 mendum
466 3189 560 3243 haeret
582 3189 610 3242 i11
632 3206 656 3246 V·
682 3194 747 3245 130·
782 3183 822 3262 οἷς
849 3182 888 3249 clv
917 3182 1031 3264 θεατὴς
1061 3185 1100 3248 od
1125 3181 1225 3262 μόνον
1246 3189 1301 3260 τῆς
1323 3181 1486 3258 Ἐλλοίὸοςτ
1522 3199 1629 3242 constat
1660 3191 1730 3243 enim
1759 3185 1802 3260 ῶς

319 3283 357 3350 dv
381 3307 441 3345 esse
463 3287 575 3358 quasi.
615 3287 697 3344 lmmo
719 3288 906 3360 retingendum
928 3281 970 3356 ῶς
991 3281 1034 3346 ῶν
1056 3294 1090 3347 θ.
1134 3285 1165 3339 V.
1176 3285 1339 3340 238—40.
1365 3277 1469 3360 Κύμη,
1490 3281 1638 3366 πρότερον
1657 3281 1699 3364 ἣν
1722 3292 1801 3346 Χαλ-

316 3392 410 3462 κιδεῖς
437 3379 610 3465 αἰιτςίκισαν,
654 3378 718 3449 Εἶτ’
748 3387 886 3459 Αἰολεῖς·
925 3382 1052 3463 μάλιστα
1079 3381 1103 3446 τ’
1131 3378 1359 3463 ευάνόρουμένη
1388 3379 1463 3444 κατοὶ
1492 3379 1549 3462 τήν
1574 3377 1685 3446 Ἀσίαν
1708 3380 1800 3462 Κύμη

315 3487 375 3550 ἐστὶ
397 3484 518 3564 κειμένη
546 3479 643 3556 πόλις.
697 3487 819 3557 Apparet
840 3485 1006 3540 mentionem
1026 3483 1154 3540 Aeolicae
1179 3481 1279 3538 Cumae
1304 3481 1386 3554 plane
1414 3481 1562 3540 seiunctam
1592 3499 1654 3537 esse
1679 3480 1711 3538 ab
1739 3481 1800 3540 τρίτ’-

317 3601 371 3656 qua
390 3583 561 3649 narratione,
585 3598 653 3654 quae
675 3583 701 3636 in
722 3581 830 3656 oppidis
848 3579 941 3637 ltaliae
964 3590 1105 3655 versatur,
1126 3588 1157 3635 ut
1177 3594 1235 3635 eam
1257 3585 1303 3632 aut
1321 3576 1419 3649 tollere
1441 3577 1521 3632 liceat
1541 3586 1586 3632 aut
1609 3595 1669 3632 cum
1688 3579 1799 3634 Letron·

253 3717 255 3722 ·
316 3682 362 3736 nio
386 3688 564 3752 transponere
592 3677 658 3732 citra
683 3679 832 3734 sententiae
859 3677 994 3732 damnum.
1046 3675 1168 3748 Scaliger
1189 3674 1297 3745 quidem
1325 3673 1352 3726 in
1373 3671 1472 3727 Euscb.
1499 3691 1528 3746 p.
1549 3676 1596 3729 59.
1625 3674 1801 3745 reprehendit

318 3777 477 3850 Scymuum,
505 3773 551 3845 qui
573 3773 643 3829 male
664 3772 816 3830 distinxerit
843 3775 915 3830 inter
935 3773 1127 3828 Chalcidenses
1155 3780 1181 3827 ct
1201 3770 1317 3826 Aeoles:
1351 3770 1395 3824 hic
1416 3778 1506 3825 tamen
1528 3777 1668 3824 auctorem
1689 3777 1799 3826 secutus

315 3873 422 3932 videtur
443 3869 570 3928 Straboni
592 3869 716 3926 similiter
737 3869 897 3929 tradentem.
947 3868 1051 3936 Quodsi
1068 3875 1151 3943 pocta
1170 3874 1327 3941 peccasset,
1358 3883 1481 3922 errorem
1505 3866 1584 3920 etiam
1606 3873 1719 3940 augeret
1737 3865 1798 3920 Μοί-

316 3970 388 4024 uekii
408 3968 546 4042 suspicio,
573 3967 668 4021 tertios
697 3965 855 4022 conditores
886 3967 1029 4039 ingerens,
1057 3961 1182 4042 μάλιστα
1208 3958 1234 4024 d’
1256 3959 1404 4043 είίαυδρος
1425 3960 1478 4040 μὲν
1500 3957 1523 4040 οἳ
1546 3966 1605 4022 κτλ.
1661 3960 1713 4017 Sed
1738 3978 1798 4018 cum

315 4063 377 4125 ἐστὶ
402 4065 489 4120 codici
521 4063 606 4132 desit,
636 4062 728 4136 legere
755 4071 889 4137 praestat:
925 4057 974 4124 εἶτ’
1005 4063 1127 4133 Αἰολεῖς
1153 4055 1277 4138 μάλιστα
1314 4055 1340 4120 τ’
1370 4052 1600 4137 εὐανδρουμὲνη
1634 4053 1710 4118 κατοί
1742 4053 1800 4135 τήν

312 4157 414 4223 Ἀσίαν
436 4159 529 4237 Κύμη
549 4157 620 4222 nori
650 4157 771 4236 κειμένη
793 4153 890 4231 πόλις.
942 4159 973 4214 V·
996 4161 1063 4218 384·
1092 4152 1164 4231 ὀξίς
1188 4151 1363 4236 ταραχώδης
1391 4151 1434 4216 α’)’ν
1469 4177 1500 4216 τε
1526 4150 1605 4236 πρὸς
1632 4149 1684 4226 τὰς
1713 4155 1800 4234 peta-¹

315 4254 424 4335 βολάς,
454 4255 597 4318 Μάλιστα
617 4260 674 4317 τοῦ
695 4254 810 4336 θέρους
836 4255 884 4330 δέ,
918 4248 1104 4335 πρηστήρων
1126 4254 1229 4316 τεκαὶ
1250 4248 1353 4324 Botis
1374 4255 1532 4328 κεραυνῶν
1559 4244 1633 4322 cotie
1659 4274 1690 4312 τε
1717 4256 1798 4328 λεγο-

317 4355 428 4434 μένους
457 4353 518 4414 icet
544 4356 702 4427 Τυφῶνας.
752 4353 856 4408 Horum
884 4353 989 4408 initium
1011 4368 1044 4408 eo
1070 4351 1144 4423 quod
1170 4368 1253 4424 supra
1277 4349 1429 4404 notavimus
1452 4348 1516 4402 vitio
1546 4345 1665 4413 laborat3
1695 4344 1743 4400 sed
1770 4345 1798 4397 in

315 4460 446 4526 promptu
468 4456 510 4505 est
531 4449 685 4521 corrigere,
714 4444 786 4522 ὀξίς
806 4471 836 4510 τε
859 4442 1037 4529 ταραχώδης
1057 4469 1098 4508 τε.
1155 4447 1222 4503 llein
1246 4446 1389 4504 accusativi
1415 4444 1483 4499 nihil
1511 4441 1610 4498 babent
1633 4440 1706 4496 unde
1733 4452 1798 4511 pen'-

316 4547 410 4614 deant;
440 4545 540 4622 quodsi
565 4545 671 4602 numeri
695 4559 751 4602 non
778 4545 940 4620 displicent,
970 4563 1031 4602 cum
1054 4545 1227 4620 praegressis
1253 4545 1303 4598 ista
1332 4541 1371 4596 sic
1396 4538 1642 4614 continuabuntur:
1674 4531 1800 4612 μάλιστα

229 4713 233 4719 ,
316 4643 509 4722 τοῦθέρους
540 4636 591 4704 dari
618 4637 803 4725 πρηστήρων
830 4665 862 4705 τε
889 4647 950 4706 κτλ.
1003 4641 1091 4701 Porro
1130 4640 1316 4720 retingendum
1343 4635 1416 4712 τούς
1445 4660 1476 4698 τε
1505 4633 1708 4713 νεμομένους,
1743 4648 1797 4692 non

318 4761 508 4821 ηινομενους.
