4130 5642
1017 587 1215 704 „A

329 853 398 926 que
435 824 595 902 membra
614 824 778 898 seorsim
811 829 908 896 stare
942 820 1049 896 docet
1073 825 1146 896 Pal.
1180 849 1236 920 pr.
1269 822 1398 914 lectio,
1441 820 1671 910 edoqpo'cccov
1707 825 1797 896 εἶναι
1833 848 1916 916 φησι
1991 829 1993 832 ’

327 963 396 1032 τοῖν
429 959 675 1051 Σαυροματῶν,
707 984 792 1032 nam
826 962 863 1029 δὲ
889 965 925 1030 et
948 961 987 1026 τὸ
1019 958 1116 1032 inter
1147 967 1274 1030 versus
1307 958 1420 1030 altera
1449 980 1579 1038 manus
1612 960 1746 1055 posuit.
1808 963 1918 1036 Periit

326 1098 441 1198 igitur
470 1095 657 1186 senarius,
702 1092 800 1166 unde
833 1091 994 1192 pendent
1028 1092 1203 1192 genitivi,
1246 1091 1361 1166 volut
1395 1099 1516 1167 autem
1547 1092 1781 1188 Anonymus,
1814 1097 1916 1174 ἔθνος

327 1231 556 1320 εὐσημότατον
589 1230 679 1298 εἶναι
703 1250 788 1316 φησι
813 1227 882 1296 τῶν
907 1235 941 1296 Σ.
972 1231 1040 1296 κτλ.
1096 1229 1189 1308 Item
1227 1249 1319 1326 quae
1353 1228 1600 1326 conglutinata
1636 1236 1722 1302 aunt
1758 1255 1794 1307 v.
1828 1231 1916 1306 792.

328 1392 405 1465 sqq.
434 1391 508 1438 non
533 1362 696 1438 redolent
721 1369 835 1438 artem
858 1369 1008 1460 poetae,
1048 1361 1114 1434 sed
1144 1362 1328 1460 pertinent
1355 1359 1401 1434 ad
1428 1364 1672 1438 narrationem
1697 1367 1916 1463 prosaicam3

325 1501 399 1574 nisi
424 1496 522 1598 quod
546 1497 618 1572 duo
642 1496 777 1570 senarii
810 1495 877 1572 sub
903 1496 1049 1570 initium
1077 1513 1184 1571 aures
1216 1489 1427 1571 advertunt:
1470 1497 1539 1581 ἔχει
1563 1499 1600 1566 δὲ
1623 1500 1757 1588 πλῆθος
1780 1507 1917 1592 χειρόη-

324 1642 388 1711 θες
415 1633 558 1724 ὀρνέων,
591 1637 682 1700 Θέτιν
708 1630 895 1720 ἱεροπρεπῆ
920 1655 957 1700 τε
982 1639 1052 1708 τοῖς
1078 1629 1349 1718 ἀφικνουμένοις.
1399 1628 1474 1704 Sed
1501 1632 1602 1731 piget
1627 1633 1690 1708 his
1713 1636 1917 1728 humorem

326 1770 447 1867 potius
472 1768 512 1840 in
544 1767 609 1842 tali
637 1765 759 1840 libello
784 1765 928 1838 mireris
954 1763 1200 1840 additamenta
1226 1767 1402 1842 lectorum
1425 1767 1484 1840 vel
1517 1766 1815 1866 interpolatorum
1851 1797 1918 1844 ex·

325 1914 414 1978 tare.
473 1905 613 1976 Horum
637 1927 751 1976 unum
777 1901 978 1976 Salmasius
1008 1928 1047 2000 p.
1075 1904 1136 1996 ll,
1163 1903 1199 1974 3.
1232 1907 1288 1970 καὶ
1316 1904 1456 1984 ξόανον,
1492 1900 1569 1988 ἤτοι
1596 1903 1732 1990 ἄγαλμα
1760 1908 1918 1978 sustule-

322 2048 394 2113 rat.
445 2041 478 2110 P.
502 2040 541 2131 8,
566 2039 616 2110 2.’
633 2035 813 2122 tralatam
844 2040 988 2127 δρόμος,
1015 2035 1100 2128 ὅπερ
1126 2039 1219 2106 ἐστὶν
1245 2036 1333 2134 ᾐών,
1363 2041 1540 2106 τουτέστιν
1566 2041 1738 2122 αἰγιαλός,
1782 2043 1918 2130 σφόδρα

324 2177 440 2262 μακροὶ
466 2179 521 2240 acl
549 2174 665 2259 στενή,
701 2173 866 2259 διήκουσα
881 2176 954 2241 τὸν
976 2175 1086 2262 πόρον
1113 2175 1181 2240 κτλ.
1234 2171 1306 2245 Ubi
1340 2173 1466 2259 διήκων
1490 2171 1570 2244 Pal.
1596 2199 1645 2246 m.
1670 2200 1727 2272 pr.
1760 2173 1915 2250 frustra:

324 2335 409 2382 nam
435 2309 517 2406 ipsa
544 2314 746 2382 structurae
771 2306 864 2381 ratio
889 2306 1010 2380 iubet:
1045 2305 1146 2397 ὅςπερ
1172 2309 1263 2376 ἐστὶν
1291 2306 1359 2404 ραν
1385 2309 1522 2394 σφόδρα
1547 2312 1660 2397 μακροὶ
1687 2312 1755 2378 κτλ.
1818 2309 1917 2384 Sul).

324 2444 491 2544 sequitur
513 2445 614 2516 loeus
638 2444 697 2514 vel
722 2440 864 2515 foedior
888 2442 1237 2540 interpretamentis:
1272 2445 1367 2510 Κατὰ
1395 2448 1498 2529 μέσην
1526 2443 1572 2533 (l.
1598 2445 1723 2533 μέσον)
1753 2443 1787 2511 δ’
1815 2445 1916 2532 αὐτῆς

325 2581 428 2666 αὐχὴν
450 2580 665 2666 ὶσθμυειδής,
696 2583 872 2646 τουτέστιν
897 2579 1082 2666 στενώδρς,
1119 2575 1161 2672 τῇ
1192 2574 1318 2665 ἠπείρῳ
1353 2571 1427 2662 ἤτοι
1459 2575 1502 2670 τῇ
1534 2575 1577 2672 γῇ
1609 2579 1784 2646 συνάπτει.
1841 2578 1917 2652 Sed

323 2715 488 2812 expulsis
515 2711 707 2790 fraudibus
734 2737 808 2786 uon
833 2711 990 2809 amplius
1017 2719 1167 2809 apparet
1191 2712 1388 2809 vestigium
1412 2719 1553 2807 poetae.

716 2979 760 3047 ὅ.
806 2976 1099 3046 Plutarchus
1130 2976 1191 3046 (le
1210 2973 1518 3046 ‘flamininum

424 3153 545 3250 Supra
569 3147 730 3222 diximus
761 3149 874 3221 istum
899 3150 1003 3248 quasi
1028 3149 1284 3242 Plutarchum,
1319 3175 1427 3248 quem
1459 3175 1589 3221 manus
1624 3149 1782 3222 secunda
1806 3150 1915 3224 Pala-

324 3291 392 3362 tini
417 3289 701 3379 ψευδεπίγραφον
727 3309 808 3357 esse
834 3284 1109 3384 pronunciavit,
1157 3284 1204 3357 ad
1229 3287 1423 3384 scriptores
1447 3313 1568 3358 rerum
1592 3284 1814 3358 mirabilium
1838 3285 1915 3358 sive

324 3413 665 3516 paradoxograpbos
695 3435 775 3482 esse
805 3409 1056 3509 ablegandum.
1123 3409 1325 3484 Fatendum
1362 3420 1481 3484 tamen
1515 3413 1676 3486 nonnihil
1704 3409 1914 3484 discriminis

324 3521 613 3641 interutrosque
640 3542 873 3616 intercedere.
943 3544 1082 3640 Nempe
1111 3541 1149 3614 bi
1177 3545 1236 3616 vel
1272 3547 1531 3618 connnentariis
1568 3545 1752 3617 ltominum
1791 3543 1915 3617 erudi·

325 3679 542 3758 tissimorum
564 3677 623 3750 vel
644 3678 718 3749 suis
748 3675 858 3750 oculis
882 3684 916 3749 et
937 3675 1156 3748 commerciis
1183 3677 1386 3776 longinquis
1413 3679 1467 3750 usi
1497 3705 1663 3777 magnam
1691 3675 1915 3751 coniecerant

325 3812 527 3903 materiam,
561 3809 657 3882 unde
686 3810 886 3909 singulares
915 3836 1037 3882 rerrnn
1073 3812 1287 3883 naturalium
1324 3819 1359 3884 et
1394 3810 1614 3883 curiosarum
1650 3810 1913 3882 observationes

325 3975 397 4021 non
426 3948 542 4020 solum
577 3944 749 4016 illustrari
786 3951 955 4041 possent,
999 3940 1063 4014 sed
1102 3967 1169 4040 per
1198 3943 1341 4016 ordines
1371 3943 1476 4016 etiam
1506 3970 1547 4016 ac
1576 3968 1709 4043 genera
1746 3949 1914 4041 tanquam

325 4077 425 4154 initia
462 4077 667 4177 disciplinae
699 4076 879 4175 legitimae
918 4072 1109 4176 dispertiri.
1174 4073 1289 4148 Iidem
1328 4067 1358 4148 si
1396 4073 1489 4150 sorte
1525 4103 1584 4150 res
1619 4074 1844 4149 incredibiles
1877 4085 1913 4149 et

278 4294 281 4304 s
325 4213 478 4286 absonas
509 4213 602 4284 ultra
630 4210 739 4284 fidem
764 4209 955 4281 obtrudere
983 4207 1170 4302 videntur,
1210 4235 1392 4310 nunquam
1420 4218 1539 4282 tamen
1566 4208 1724 4281 inaudita
1753 4209 1912 4282 consulto

325 4346 507 4419 linxerunt
543 4354 604 4415 aut
639 4345 716 4416 veri
751 4343 852 4440 leges
889 4341 1131 4416 oblectationis
1170 4369 1278 4417 causa
1309 4345 1498 4417 violarunt.
1564 4344 1615 4417 At
1652 4335 1795 4416 libellus
1830 4343 1910 4436 iste,

328 4476 390 4572 qui
418 4471 629 4546 inscribitur
652 4473 872 4562 Πλουτάρχου
898 4478 977 4562 περὶ
1000 4469 1171 4556 ’ποταμῶν
1197 4479 1253 4539 καὶ
1277 4469 1377 4562 ὄροῖν·
1391 4468 1584 4558 ἐπωνυμίας
1611 4477 1666 4539 καὶ
1691 4471 1760 4538 τοῖν
1783 4472 1820 4539 ἐν
1844 4471 1911 4540 cd-

327 4615 395 4684 τοῖς
431 4601 697 4698 admoneamur,
736 4613 835 4680 totus
868 4613 1025 4706 quantus
1058 4630 1107 4676 ex
1143 4605 1341 4680 mendaciis
1375 4603 1564 4707 foedisque
1603 4603 1817 4680 libidinibus
1855 4603 1912 4682 est

326 4731 518 4832 conflatus,
554 4735 655 4808 cuius
690 4731 849 4806 conditor
884 4757 956 4805 non
987 4731 1093 4805 mode
1121 4729 1261 4806 fabulas
1291 4739 1328 4808 et
1356 4742 1496 4807 secreta·
1518 4740 1666 4807 naturae
1695 4755 1743 4808 ex
1768 4732 1911 4832 ingenio

1618 4855 1638 4920 4
1659 4854 1674 4886 ι
