4130 5642
1006 651 1052 735 ro
1117 773 1120 779 y

248 891 355 968 riso.
382 919 419 994 p.
444 895 530 969 657·
559 915 636 992 sqq·
659 917 696 966 n.
721 890 806 987 IV.)
845 891 1050 967 nrircbetur.
1114 887 1257 968 Rursus
1283 903 1420 971 erraret
1445 889 1508 997 qui
1534 895 1723 974 tralaticics
1750 919 1818 976 eu*

241 1034 358 1100 ctores
395 1034 538 1125 propter
575 1027 687 1099 solam
722 1027 921 1126 ergunmnti
960 1026 1225 1102 similitudinem
1262 1029 1300 1102 in
1328 1027 1485 1128 Corpore
1522 1024 1817 1132 Geogrcphornm

241 1160 430 1234 retineretz
472 1167 556 1233 sunt
582 1159 677 1232 enim
712 1161 774 1258 qui
800 1161 979 1259 piaculum
1004 1157 1157 1256 ducunt,
1195 1161 1307 1262 siquis
1332 1162 1450 1261 spisso
1482 1167 1652 1240 volumini
1684 1167 1817 1267 aliquid

239 1290 380 1366 detrahi
416 1294 513 1367 volit·
583 1289 659 1368 Sed
693 1300 790 1366 recto
822 1293 967 1367 oonsilio
1005 1295 1136 1368 nostris
1170 1296 1390 1396 temporibus
1424 1297 1494 1374 viri
1530 1297 1623 1372 docti
1658 1293 1726 1374 hoc
1760 1302 1818 1374 in·

239 1425 448 1520 stituerunt,
494 1433 535 1500 ut
569 1427 670 1500 varia
709 1425 908 1503 litterarum
941 1451 1094 1527 genero,
1148 1430 1360 1527 praesertim
1392 1431 1546 1505 minutos
1582 1431 1720 1506 libellos
1757 1436 1818 1533 qui

239 1558 446 1634 delitescere
474 1562 589 1634 solent
614 1560 674 1633 vel
700 1569 885 1634 rarescunt
911 1562 1116 1660 complexe,
1144 1586 1229 1636 scos
1255 1589 1322 1664 per
1349 1566 1571 1640 collectiones
1601 1565 1819 1640 distribuan·
1920 1559 1924 1566 ’

238 1700 310 1766 tur.
375 1693 502 1794 ltaque
530 1717 577 1766 ne
602 1692 791 1767 Nearchi
832 1693 974 1794 quidem
1001 1695 1194 1794 Pareplum
1221 1695 1368 1791 indiae,
1407 1723 1512 1799 quem
1537 1697 1732 1772 Hudsonus
1759 1701 1816 1774 in·

238 1835 424 1921 seruarat,
463 1826 589 1926 opinor
615 1828 739 1901 meritc
766 1828 837 1902 huc
863 1827 1065 1902 traductum
1090 1851 1193 1904 esses
1231 1831 1383 1905 libenter
1410 1832 1503 1906 enim
1540 1831 1737 1926 ferremus,
1787 1836 1818 1906 si

241 1960 438 2059 cumipsis
463 1961 617 2036 Nearchi
642 1961 788 2036 vocibus
815 1988 899 2036 eum
925 1961 1119 2040 Arrienurn
1152 1971 1352 2055 servasset3
1386 1991 1479 2040 nunc
1515 1973 1611 2040 totrrs
1638 1966 1683 2039 ab
1710 1966 1818 2040 huius

236 2117 345 2169 manu
379 2091 561 2192 proiectus
607 2117 710 2168 suam
751 2101 787 2168 et
829 2095 1045 2194 peculiarem
1079 2095 1202 2172 sedem
1239 2099 1278 2172 in
1311 2098 1456 2172 Arriani
1495 2099 1652 2173 Historia
1696 2099 1817 2173 Indica

236 2224 414 2320 tuebitur,
445 2250 549 2325 quam
574 2252 691 2326 nuper
717 2227 918 2304 emendavit
944 2228 1151 2308 Ditbncrus.
1208 2231 1302 2324 Quid
1329 2231 1424 2330 quod
1449 2231 1564 2330 ipsam
1593 2231 1816 2306 Chresto·

237 2359 451 2432 mathiam
478 2359 730 2438 Strabonis
756 2368 914 2461 praestat
938 2387 1020 2436 cum
1048 2363 1155 2440 buius
1182 2389 1291 2463 opere
1319 2365 1506 2465 coniungi,
1541 2365 1636 2466 quod
1663 2366 1817 2440 editores

235 2493 396 2569 nonnulli
422 2491 605 2568 ieceruntc
640 2495 729 2575 nibil
757 2494 852 2570 enim
876 2495 970 2570 inest
998 2505 1141 2594 praeter
1165 2497 1292 2573 Floras
1320 2505 1356 2571 et
1381 2495 1583 2598 Excerpta,
1621 2525 1693 2576 non
1719 2525 1816 2574 corn·

235 2624 419 2722 pendiorio
446 2627 551 2701 totius
578 2627 677 2702 orbis
705 2626 906 2726 descriptio.

332 2803 457 2928 Itaque
493 2830 524 2902 si
558 2827 733 2902 delectum
763 2827 1061 2928 Geographorum
1097 2829 1143 2902 od
1182 2839 1315 2905 certam
1354 2846 1391 2906 et
1428 2831 1620 2932 simplicem
1656 2857 1813 2906 normam

234 2947 433 3060 exigimus,
462 2961 560 3034 haud
586 2960 676 3035 adeo
704 2961 857 3064 difficilis
884 2961 952 3034 erit
978 2964 1134 3060 partitio.
1199 2963 1376 3039 Nimirum
1402 2967 1533 3066 triplex
1561 2965 1681 3039 existit
1708 2964 1811 3038 ordo:

234 3094 335 3166 cuius
378 3086 532 3191 primum
574 3118 689 3192 genus
733 3093 975 3191 complectitur
1013 3097 1263 3196 periples,
1307 3101 1501 3178 secundum
1543 3100 1814 3202 periegeses

233 3195 269 3300 ct
296 3251 480 3300 mensuras
505 3228 664 3300 locorum
690 3227 749 3298 vel
776 3225 945 3332 marium,
974 3229 1116 3302 tertimn
1144 3238 1390 3324 systemata
1417 3230 1524 3302 totius
1551 3229 1686 3302 mundi.
1751 3232 1815 3303 ln-

232 3341 304 3434 dcx
333 3368 452 3433 autem
478 3359 700 3468 singulorum
733 3359 904 3433 librorum
930 3360 1012 3433 talis
1039 3369 1111 3434 est:

291 3611 322 3684 1.
377 3609 560 3683 Hannonis
590 3609 768 3712 Periplus.
822 3607 981 3708 Scylecis
1006 3609 1185 3713 Periplus.
1240 3613 1385 3687 Arriani
1411 3615 1576 3714 Periplus
1604 3612 1709 3687 Ponti
1737 3613 1814 3687 Eu·

379 3745 468 3818 xini.
523 3743 655 3818 Incerti
680 3743 846 3844 Periplus
872 3746 985 3820 Maris
1013 3745 1216 3842 Erythraei.
1283 3745 1456 3820 Marciani
1482 3747 1713 3820 Heracleotae
1740 3746 1814 3819 Pe·

377 3879 504 3979 riplus.
572 3877 677 3952 Ponti
716 3875 850 3952 Euxini
884 3887 921 3953 ct
956 3879 1146 3954 Maeotidis
1182 3875 1329 3951 Paludis
1364 3881 1543 3981 Periplus.
1600 3879 1813 3980 Fragmenta

242 4001 248 4012 ’
376 4013 602 4113 Periplcrum
637 4005 857 4112 perditorum
912 3995 1088 4114 (magnus
1134 4013 1229 4086 enim
1270 4038 1441 4087 numerus
1481 4013 1550 4087 luit
1592 4014 1811 4111 periplorum

331 4195 333 4199 v
377 4145 435 4218 rel
461 4145 711 4246 paraplcrum,
742 4153 782 4219 ut
807 4145 1092 4244 Androsthenis,
1122 4147 1305 4239 Mnaseae,
1334 4145 1619 4246 Nymphodcri),
1648 4147 1813 4220 nomina·

378 4278 441 4350 tim
481 4277 640 4378 Menippi
684 4287 720 4354 et
756 4277 973 4355 Artemidori
1012 4277 1173 4379 Ephesii.
1251 4263 1415 4376 Dionysii
1451 4279 1611 4376 Byzantii
1649 4280 1811 4380 Anaplus

244 4401 251 4412 ⁵
377 4408 551 4511 Bospori,
584 4411 679 4511 apud
708 4411 880 4509 Gyllium.
1114 4426 1119 4436 '

270 4625 320 4703 Il.
375 4629 585 4704 Dicaearchi
611 4629 826 4730 Fragmenta
852 4583 966 4731 probo
990 4631 1049 4704 vel
1077 4639 1254 4730 suspecta.
1314 4630 1480 4730 Dionysii
1507 4629 1740 4729 Calliphontis
1768 4627 1811 4702 F.

358 4761 576 4862 Descriptio
602 4761 790 4843 Graecias
860 4764 1005 4862 Scymni
1035 4765 1097 4864 qui
1125 4765 1252 4840 dicitur
1281 4763 1496 4866 Periegesis.
1557 4761 1686 4838 Isidori
1712 4759 1815 4850 Che-j
