4130 5642
900 705 1097 722 α--ιι--ιῌ

218 842 473 943 disceptatione
500 845 588 918 sutis
623 843 772 936 acerba,
812 867 881 943 qus
922 843 968 918 de
1002 844 1165 917 lludsoni
1204 842 1312 916 furtis
1349 853 1563 943 conquestus
1604 851 1797 952 praecipue

218 977 398 1051 Dodweiti
426 972 709 1052 dissertationem
732 976 945 1074 deSoylaois
973 985 1090 1050 eetute
1118 975 1262 1084 relntut.
1290 974 1435 1049 Etenim
1461 977 1526 1051 Io.
1546 979 1797 1060 lludsonus

218 1110 302 1183 inde
339 1111 383 1184 eb
409 1135 444 1184 a.
473 1114 581 1186 loce.
623 1113 770 1210 plenum
795 1131 924 1210 corpus
952 1129 1081 1210 parare
1118 1109 1257 1207 coepit,
1298 1109 1431 1182 invims
1462 1111 1526 1186 ille
1561 1120 1598 1187 et
1638 1115 1798 1192 laborem

217 1262 297 1346 corn
324 1243 441 1317 taedio
479 1253 659 1342 peractum
688 1243 909 1338 vociferans,
948 1244 1194 1343 nequeuntis
1222 1239 1560 1318 subsidiisadiutus
1588 1248 1691 1343 ultis,
1730 1251 1797 1326 sed

218 1373 278 1474 qni
317 1385 524 1477 apparatum
550 1379 830 1478 qualemcunque
854 1385 897 1451 ut
931 1379 1022 1450 solet
1055 1378 1133 1450 sine
1161 1373 1296 1475 ingenii
1322 1369 1573 1475 doctrinaeque
1600 1377 1708 1455 leude
1733 1405 1797 1456 co·

218 1529 403 1584 enervasse
440 1497 542 1585 sutis
565 1511 724 1585 haberet.
796 1503 1073 1584 Commentarios
1111 1509 1223 1609 igitur
1258 1505 1393 1580 dudum
1430 1531 1583 1584 excusos
1621 1513 1798 1614 decerpsit

218 1663 350 1741 eosque
379 1644 684 1718 dissertationibus
719 1642 766 1716 Η.
790 1644 970 1718 Dodwetli
1012 1644 1188 1737 oneravit,
1227 1662 1315 1742 quas
1350 1637 1499 1717 sennes
1537 1665 1726 1741 perversas
1760 1657 1799 1724 et

217 1776 535 1877 aridasvanisque
568 1775 784 1852 acuminibus
815 1777 973 1851 differtus
1010 1801 1132 1851 omnes
1170 1777 1221 1850 ita
1252 1775 1504 1869 reformidant,
1545 1778 1723 1852 neminem
1757 1790 1798 1854 ot

215 1910 383 1982 teotonem
402 1911 524 1984 bodie
560 1913 724 1985 alliciant.
790 1909 955 1984 Ceterum
985 1908 1212 1983 Oxonienses
1242 1909 1574 2008 Geogrnphiae
1610 1915 1798 1986 veteris

217 2043 481 2141 scriptores
511 2043 930 2137 discriminans,
960 2062 1110 2142 qnorum
1137 2042 1221 2116 Vol.
1251 2043 1281 2114 Ι.
1310 2043 1499 2141 Periplos,
1525 2041 1576 2116 ll.
1601 2040 1800 2145 chor-ogra·-

214 2174 320 2272 plriae
360 2178 418 2249 vel
456 2175 709 2276 topographiae
745 2175 952 2252 documento
994 2175 1166 2270 continet,
1222 2176 1290 2249 lv.
1329 2173 1543 2272 Dionysium
1581 2177 1795 2278 Periegeten

215 2328 296 2379 cnm
321 2309 504 2383 eornitibus
531 2313 628 2403 suis,
667 2323 801 2388 cedam
832 2311 1111 2409 designationem
1139 2309 1231 2383 adeo
1260 2335 1332 2383 non
1371 2322 1589 2408 sequuntur,
1630 2318 1671 2385 ut
1712 2311 1796 2386 Vol.

213 2439 281 2511 ΠΙ.
309 2441 405 2540 quod
434 2444 579 2543 reliquis
607 2447 723 2518 rarius
751 2450 806 2516 est
832 2450 999 2543 tanquam
1025 2443 1071 2516 ed
1099 2441 1346 2542 complendam
1375 2441 1458 2518 libri
1492 2441 1623 2520 iustum
1648 2465 1796 2518 mensu-

214 2575 425 2648 nemetiam
461 2579 581 2651 variae
617 2580 785 2652 lectiones
818 2578 857 2650 in
882 2578 1108 2672 Anonymrun
1135 2577 1380 2651 Ravennatem
1408 2585 1445 2650 et
1473 2579 1645 2676 opusculo
1671 2579 1795 2650 Ptole-

212 2707 305 2778 rnaei
343 2707 483 2783 diverse
517 2735 589 2785 una
626 2734 707 2785 oum
740 2704 903 2784 Arabicis
941 2709 1143 2784 Abulledae
1183 2711 1455 2785 subiicerentsr.
1521 2709 1615 2784 Novi
1652 2709 1800 2809 quidem

212 2839 302 2912 nibil
328 2841 422 2917 inest
444 2854 586 2940 praeter
612 2869 724 2919 unum
750 2845 960 2919 Dicaearchi
984 2845 1235 2946 fragmentum.
1299 2839 1447 2918 Interim
1474 2839 1671 2918 lludsonus
1696 2867 1795 2915 conr-

211 2974 317 3046 moda
350 2975 502 3048 editione
530 2977 639 3047 libros
676 2977 774 3050 haud
801 2979 923 3053 obvios
951 2982 1159 3078 complexus
1193 2979 1239 3054 de
1268 2978 1397 3053 studiis
1436 2977 1665 3051 humanitatis
1702 2976 1797 3049 hene

211 3107 342 3178 mereri
370 3109 470 3179 visus
498 3114 572 3193 est3
616 3128 829 3202 quamquem
856 3113 978 3202 paucis
1012 3114 1074 3181 ille
1103 3112 1257 3206 profuit,
1302 3113 1478 3206 siqnidem
1504 3110 1632 3182 raritas
1670 3131 1798 3182 exent-

211 3239 375 3338 plorum‚
411 3259 505 3336 'quae
532 3220 657 3309 insane
683 3238 796 3335 pretio
826 3238 954 3312 redimi
987 3235 1148 3310 solebant
1182 3259 1249 3308 nec
1278 3234 1437 3332 publicas
1467 3239 1697 3308 bibliothecas
1725 3239 1796 3310 nisi

213 3372 403 3446 ditissimas
432 3370 617 3464 adierunt,
645 3372 834 3470 plerosque
862 3372 1017 3470 privatos
1046 3369 1230 3443 deterruit.
1292 3366 1367 3441 Nec
1393 3367 1584 3440 desideriis
1612 3367 1796 3438 hominum

213 3506 395 3578 doctorum
425 3501 594 3576 satisfecit
628 3505 762 3602 duplex
797 3505 983 3604 repetitio,
1019 3506 1133 3578 ultera
1170 3521 1237 3602 per
1265 3497 1443 3576 Graecum
1472 3494 1649 3599 quendam
1675 3499 1797 3598 negli-

212 3646 338 3735 genter
376 3643 410 3710 et
442 3635 582 3711 inficeto
619 3637 742 3711 nabitu
777 3647 965 3738 procurate
1008 3638 1188 3737 (Vindob.
1216 3639 1324 3710 1807.
1365 3633 1414 3707 Il.
1440 3633 1577 3729 vote),
1626 3653 1717 3730 quse
1755 3634 1801 3704 in.

212 3752 319 3844 usum
346 3771 565 3847 Graecorum
590 3771 686 3845 fecte
711 3797 777 3870 per
805 3771 1033 3846 Germaniam
1061 3772 1183 3871 paucis
1209 3771 1288 3843 risa
1306 3776 1390 3860 est,
1418 3768 1595 3867 posterior
1622 3765 1666 3838 ab
1694 3763 1726 3837 Ι.
1753 3763 1797 3836 F.

213 3906 361 3980 Gailio
389 3908 533 3980 nimiam
560 3908 597 3978 in
624 3908 754 3978 molem
782 3905 943 3998 diducta,
978 3907 1079 3979 cuius
1106 3914 1181 3979 tres
1210 3903 1315 3977 Tomi
1342 3900 1620 3998 (imita-31.)
1646 3899 1710 3972 vix
1736 3896 1799 3969 di-.

212 4035 355 4111 midiam
381 4039 599 4114 Oxoniensis
628 4038 757 4138 opificii
773 4071 775 4078 ·
794 4047 932 4136 partem
970 4040 1173 4112 extribeent.
1242 4038 1392 4110 Praeter
1424 4057 1513 4134 quos
1550 4032 1698 4106 fuerunt
1726 4031 1793 4104 viri

213 4173 384 4271 elegantis
426 4174 621 4267 doctrinae,
663 4174 724 4271 qui
761 4175 986 4273 geographos
1020 4173 1270 4250 Hudsonianos
1308 4179 1483 4244 correctos
1521 4189 1602 4239 oum
1636 4166 1795 4240 auctario

214 4305 288 4378 sibi·
310 4307 490 4380 sumerent
517 4305 784 4399 instaurandos3
813 4307 877 4380 sed
906 4309 1068 4406 iniquum
1095 4305 1218 4382 sctum
1233 4306 1391 4381 omnium
1423 4310 1570 4375 ematosa
1596 4297 1796 4394 internepit.

213 4440 349 4514 Horum
377 4462 472 4514 unus
500 4439 677 4512 mentione
706 4439 834 4541 (lignus
860 4449 917 4514 est
959 4441 1238 4532 Bredcvius,
1282 4439 1449 4537 quicum
1478 4459 1511 4507 a.
1544 4437 1651 4506 1807.
1686 4430 1802 4502 nne.

214 4573 277 4646 siis
312 4562 377 4671 per
409 4571 542 4674 aliquot
578 4597 718 4646 menses
757 4573 894 4648 naviter
911 4575 1081 4648 subsidia
1118 4573 1407 4670 conquisivisset,
1438 4567 1569 4642 Iredun
1600 4563 1719 4638 inatus
1749 4562 1797 4634 in

214 4669 383 4807 Episiotis
410 4703 671 4782 Parisiensibus
697 4706 841 4782 consitis
867 4729 932 4784 sue
957 4701 1007 4781 aie
1035 4707 1248 4808 geogrmbis
1276 4697 1488 4780 renovandis
1528 4701 1683 4796 itemque
1707 4719 1802 4796 spe-2
