4130 5642
1077 555 1127 640 bb

316 801 417 870 ouium
442 816 533 886 quun
559 815 719 885 caprarum
750 815 845 864 carue
874 806 1050 865 uescuuurr.
1110 815 1185 866 sues
1216 803 1316 864 autem
1344 811 1364 862 ι
1390 790 1551 864 Thebaide
1584 814 1684 888 usque
1710 797 1816 869 indiae
1840 802 1902 870 Ae-

314 921 511 1009 tbiopiaeqne
535 920 682 1004 regiones
707 927 833 1005 propter
857 917 1072 986 intolerabiles
1097 926 1204 984 aestus
1227 924 1383 1002 nequount
1405 916 1546 984 inueniri.

413 1037 628 1130 scholasticos
654 1057 731 1124 ergo
757 1037 848 1106 nobis
875 1036 933 1104 illa
958 1037 1130 1116 referebat,
1155 1036 1215 1105 boc
1242 1035 1367 1103 dicens:
1394 1033 1488 1107 ludos
1514 1037 1685 1126 quosdam,
1708 1043 1821 1128 inquit,
1854 1044 1902 1108 in-

315 1180 478 1240 veneram,
504 1160 557 1247 qui
583 1158 622 1224 de
642 1157 850 1225 Axuoritar'um
877 1157 959 1226 lucis
985 1157 1143 1226 mercandi
1168 1158 1271 1243 gratia
1295 1155 1426 1224 navibus
1452 1159 1707 1240 transfretabant3
1740 1179 1809 1230 cum
1834 1163 1903 1248 qui-

285 1281 374 1350 -bus
397 1279 519 1367 ingredi
549 1279 640 1346 etium
665 1277 706 1344 ad
738 1279 887 1346 interiora
912 1279 1035 1345 tenum.
1095 1280 1279 1365 accessique
1305 1297 1406 1364 usque
1432 1277 1472 1346 ιι
1498 1298 1604 1348 eornm
1632 1300 1713 1367 quos
1743 1279 1902 1348 llessadas

309 1403 472 1470 nominant
503 1398 614 1476 boesa,
628 1397 710 1486 apud
743 1418 822 1486 quus
850 1407 881 1465 et
912 1399 1000 1486 piper
1032 1400 1171 1466 nascitur
1206 1407 1236 1464 et
1269 1396 1438 1482 colligitur.
1499 1400 1569 1487 ipsa
1603 1409 1704 1468 autem
1739 1400 1902 1468 admodum

314 1541 411 1612 parra
438 1530 477 1587 et·
493 1516 611 1586 inutilis
642 1528 689 1585 est
716 1539 815 1606 gens,
852 1536 933 1606 quas
963 1519 1044 1584 intra
1080 1519 1247 1606 speluncas
1279 1537 1394 1584 saxeas
1422 1517 1544 1598 uiuunt,
1578 1530 1608 1588 et
1640 1542 1697 1610 por
1722 1521 1903 1610 praecipitio

314 1659 428 1728 magna
452 1639 631 1707 discurrere
656 1649 767 1706 natura
790 1640 909 1728 patriae
933 1636 1044 1706 edocta
1069 1641 1245 1718 consuerit,
1281 1641 1369 1728 piper
1401 1647 1502 1705 antem
1528 1659 1597 1706 oum
1625 1641 1810 1710 ramusculis
1836 1642 1903 1708 suls

315 1763 446 1848 colligit.
495 1762 582 1848 ipsas
608 1763 689 1828 enim
716 1759 847 1828 arbores
881 1759 971 1848 qnasi
1003 1758 1156 1845 quasdam
1181 1758 1313 1828 humiles
1347 1778 1386 1826 ac
1410 1758 1558 1846 parvulas
1585 1763 1697 1852 stirpes
1721 1782 1794 1832 esse
1819 1760 1903 1828 dioc-

314 1883 374 1952 bat.
425 1891 551 1950 namet
586 1883 674 1970 ipsos
704 1881 835 1966 exiguos
861 1882 1012 1970 quosdam
1038 1892 1069 1950 et
1101 1880 1234 1969 grandia
1258 1877 1375 1946 babere
1398 1881 1514 1946 asserit
1541 1882 1643 1969 cupita
1667 1902 1737 1949 cum
1761 1879 1904 1948 laevibus

313 2025 352 2074 ac
378 2003 516 2072 detonsis
542 2001 676 2089 capillis.
726 1999 880 2088 reliquum
900 2001 1174 2090 uorolletbiopum
1198 2011 1289 2088 atque
1314 1997 1458 2068 ludorum
1485 2019 1585 2085 genos
1611 2001 1755 2091 crispatis
1779 2009 1904 2066 natura-

314 2125 387 2192 liter
409 2125 506 2191 comis
531 2121 647 2191 borrat.
704 2119 740 2188 ln
763 2140 825 2208 quo
852 2141 913 2207 ego
941 2123 1067 2210 (inquit)
1092 2121 1165 2190 loco
1189 2121 1229 2188 ab
1256 2142 1294 2190 eo
1320 2125 1373 2211 qui
1396 2115 1506 2204 illic⁵)
1531 2131 1652 2210 potarat
1678 2129 1839 2209 correptus
1866 2138 1904 2186 ac

314 2253 415 2312 tentus
441 2263 526 2322 solur
552 2245 605 2330 qui
632 2252 778 2330 coeperat
803 2240 875 2308 mibi
902 2243 1026 2332 (inquit)
1052 2242 1253 2321 calumniari,
1282 2262 1320 2313 cu
1346 2239 1430 2331 qnod
1455 2261 1562 2310 corum
1587 2245 1716 2330 patriam
1740 2240 1903 2328 solumque

315 2364 497 2448 contingere
530 2382 627 2430 ansus
657 2363 796 2430 fuissem.
869 2384 970 2451 neque
1001 2364 1050 2432 illi
1083 2365 1314 2432 excusationum
1351 2382 1389 2431 ac
1417 2361 1628 2431 defensionem
1664 2382 1763 2430 meam
1793 2362 1903 2448 aequis

314 2483 425 2552 animis
459 2479 648 2560 audiebant,
695 2485 913 2569 nequeenim
939 2486 1080 2572 poterant
1113 2485 1240 2572 linguae
1264 2501 1352 2550 meae
1376 2480 1556 2566 intelligere
1583 2501 1773 2562 sermonem,
1804 2501 1905 2569 neque
1951 2461 1955 2470 ³

316 2621 375 2689 ego
402 2603 540 2672 criminis
567 2621 695 2672 causam
720 2622 801 2689 quae
826 2603 899 2670 mibi
926 2603 1132 2672 obiiciebutur
1163 2603 1317 2684 sciebamr
1352 2605 1425 2691 quia
1451 2602 1577 2671 illorum
1601 2603 1698 2672 uerba
1723 2623 1785 2672 non
1809 2622 1905 2671 nore-

315 2742 389 2794 ram.
450 2742 488 2790 ex
513 2721 592 2791 solis
618 2731 731 2790 tantum
753 2722 889 2792 uultibus
916 2726 1034 2792 nostris
1059 2727 1190 2792 inuicem
1215 2741 1274 2791 nos
1299 2723 1476 2808 intelligere
1501 2723 1691 2790 uidebamur.
1751 2742 1812 2808 ego
1836 2723 1905 2808 pui-

316 2844 384 2916 dem
410 2863 447 2912 en
476 2854 604 2932 aspectu
631 2842 779 2910 luminum
805 2854 894 2912 torro
922 2854 954 2910 et
986 2863 1025 2910 ex
1052 2841 1187 2910 stridore
1217 2839 1351 2908 dentium
1378 2859 1492 2908 saeuos
1517 2849 1619 2908 mutus
1645 2851 1783 2928 poteram
1807 2861 1904 2910 nosse

315 2963 498 3043 uerborum
530 2962 580 3028 illi
605 2979 681 3027 uero
714 2979 754 3027 ex
779 2970 914 3031 tremore
939 2973 1032 3051 atque
1064 2960 1187 3050 pallore
1220 2979 1333 3028 sensus
1359 2979 1447 3026 meos
1481 2960 1698 3030 misericordia
1729 2963 1830 3048 magis
1858 2959 1905 3028 di·

314 3103 394 3172 gnos
420 3081 666 3170 suspicabantur.
718 3079 808 3149 Tunc
839 3101 915 3167 ergo
943 3081 984 3150 ab
1010 3084 1089 3170 ipsis
1113 3091 1283 3171 occupatus
1308 3088 1339 3146 et
1363 3089 1464 3148 tentus
1492 3099 1577 3158 snm,
1603 3101 1641 3149 ae
1668 3101 1768 3171 paene
1792 3101 1905 3150 senen-

314 3205 398 3270 uium
423 3223 472 3270 me
496 3205 528 3270 in
553 3204 682 3290 pistrino
708 3223 786 3292 opos
809 3203 915 3270 lacere
939 3205 1107 3272 iusserunt.
1159 3221 1296 3292 expensa
1320 3209 1422 3269 autem
1447 3202 1532 3286 regis
1557 3202 1694 3289 ipsorum
1721 3203 1813 3270 unius
1837 3212 1905 3268 tan-

315 3335 377 3391 tum
401 3323 546 3392 lrumenti
573 3322 669 3390 modii
695 3325 729 3389 in
762 3331 827 3392 toto
851 3323 969 3411 palatio
993 3313 1203 3412 ipsius'erat,
1233 3332 1264 3390 et
1289 3324 1390 3410 ipsum
1415 3321 1504 3388 illum
1533 3321 1615 3390 unda
1647 3322 1794 3390 exbibere
1830 3341 1906 3389 con-

316 3455 440 3512 suesset
466 3463 502 3510 sc
529 3445 677 3526 ignorare
702 3441 855 3512 dicebant.
903 3441 978 3511 Post
1004 3463 1060 3510 sex
1081 3454 1182 3513 antem
1206 3461 1305 3512 annos
1328 3441 1399 3511 dum
1423 3441 1569 3540 paulatim
1595 3441 1767 3512 ediscerem
1792 3462 1905 3510 eorun-

317 3561 386 3628 dem
409 3560 585 3648 loquelam,
610 3564 696 3650 potui
720 3562 816 3630 multa
843 3574 875 3630 et
900 3563 938 3632 de
962 3565 1073 3632 uicinis
1095 3563 1271 3632 nationibus
1297 3563 1442 3650 locisque
1467 3579 1670 3646 cognoscere.
1720 3563 1760 3630 ad
1785 3572 1906 3653 postre-

317 3695 414 3752 mum¹
435 3682 495 3752 boc
529 3682 620 3752 modo
652 3686 826 3772 captivitate
858 3694 1027 3755 memorata
1060 3685 1145 3774 potui
1177 3683 1317 3751 liberari.
1385 3679 1451 3748 Rex
1486 3681 1567 3750 alter
1600 3702 1668 3750 cum
1693 3704 1789 3773 supra
1821 3681 1905 3751 dioto

316 3823 394 3891 rege
415 3803 520 3887 iurgio
545 3803 629 3870 lanto
653 3803 836 3872 insimulare
858 3825 928 3874 sum
954 3807 1035 3896 apud
1054 3807 1203 3874 maiorem
1226 3802 1317 3872 illum
1343 3804 1557 3892 imperatorem
1582 3805 1681 3892 ipsius
1705 3803 1819 3882 uoluit,
1852 3804 1906 3890 qui

316 3927 349 3992 in
371 3923 560 4014 Taprobane
585 3921 691 3992 insula
716 3933 800 4003 erat,
837 3923 945 3994 dicens
970 3926 1054 4015 quod
1078 3925 1215 3996 nobilem
1242 3926 1342 3994 urum
1368 3925 1528 4010 ciuemque
1552 3922 1723 3996 &manum
1746 3926 1779 3992 iu
1804 3922 1905 3992 deter-

318 4047 426 4114 rimam
453 4045 657 4134 captiuitatem
683 4053 775 4132 aune
802 4055 969 4116 extremum
992 4049 1151 4117 seminum
1178 4044 1363 4132 redegisset
1423 4045 1537 4133 quique
1572 4043 1649 4112 illuc
1678 4044 1814 4132 abquem
1851 4063 1905 4112 co-

317 4167 471 4252 gnitorem
492 4167 678 4245 manumisit,
703 4184 742 4232 ac
767 4163 913 4256 deinceps
939 4169 988 4234 rei
1011 4169 1144 4238 temate·
1162 4175 1325 4256 perspecta
1348 4166 1487 4253 protinus
1513 4183 1583 4232 eum
1609 4167 1661 4253 qui
1686 4167 1846 4234 conuictus
1873 4167 1906 4232 in

318 4296 486 4356 memorato
508 4286 636 4354 crimino
660 4285 828 4356 ridebatur
848 4289 920 4355 exui
944 4297 1009 4356 tota
1033 4289 1175 4376 corporis
1201 4289 1250 4356 sui
1270 4286 1354 4376 pello
1379 4287 1554 4376 praecepit,
1580 4307 1619 4355 eo
1647 4283 1731 4376 quod
1756 4286 1818 4354 siri
1842 4283 1906 4354 Ro-

318 4427 408 4477 mano
432 4406 564 4476 fecisset
588 4409 740 4476 iniuriam.
790 4403 941 4475 Dicuntur
963 4416 1064 4476 autem
1087 4428 1151 4476 non
1173 4407 1274 4477 solum
1296 4401 1451 4495 tontrert)
1479 4416 1510 4474 et
1532 4410 1657 4486 timere,
1684 4419 1827 4494 tauquam
1853 4406 1906 4495 qui

364 4659 394 4734 ⁵)
413 4661 518 4720 Excidit
534 4661 698 4735 plurimum.
719 4657 792 4715 lutra
808 4653 864 4714 llS.
882 4666 1026 4730 correptus
1047 4665 1253 4718 cetranorum.
1279 4635 1442 4718 Ambrosius
1461 4658 1489 4716 in
1508 4655 1560 4716 bac
1581 4671 1612 4714 re
1633 4653 1678 4714 bis
1692 4659 1818 4716 detentor
1838 4672 1905 4713 sum.

362 4753 394 4831 ⁸)
413 4757 548 4835 Integram
569 4758 723 4817 orationem
739 4761 862 4834 praestat
879 4751 1050 4814 Ambrosius.
