4130 5642
313 1632 456 1722 praebuit
488 1633 751 1720 opportunitatem.
813 1628 933 1699 Etenim
966 1634 1092 1700 nomina
1118 1631 1373 1713 commilitonum,
1413 1635 1466 1722 qni
1499 1635 1531 1700 ιιι
1564 1635 1732 1702 certamine
1759 1635 1911 1702 litterario

313 1755 485 1841 superioris
511 1755 583 1819 anni
600 1751 762 1819 uictoriam
785 1761 995 1850 reportarunt,
1021 1749 1146 1842 publice
1170 1751 1383 1821 renunciandas
1406 1763 1479 1822 sunt
1498 1771 1660 1839 novaeque
1685 1755 1718 1819 in
1741 1757 1911 1841 proximum

418 1457 581 1602 Superest
610 1520 642 1577 ut
680 1511 759 1578 illud
792 1520 1006 1599 argumentum
1040 1531 1332 1592 commemoremus,
1374 1514 1458 1604 qnorl
1494 1513 1660 1582 scribendo
1696 1514 1767 1581 hnic
1800 1514 1910 1584 libello

312 1892 424 1940 annum
449 1873 649 1960 quaestiones
677 1869 931 1958 promulgandae
2011 1899 2013 1996 q

2012 1983 2013 2074 l

312 2040 335 2106 l.
389 2039 514 2107 Summe
548 2039 739 2107 venerahilis
767 2037 1002 2126 Theologorum
1036 2038 1114 2107 ordo
1140 2059 1233 2127 quam
1258 2049 1466 2130 proposuerat
1495 2042 1725 2130 quaestionem,
1760 2043 1912 2108 neminem

360 2162 492 2237 invenit,
523 2161 577 2247 qni
601 2161 670 2226 eins
696 2179 795 2228 causa
819 2162 851 2225 ιιι
879 2169 1035 2227 certamen
1060 2158 1275 2227 descenderet.

310 2325 349 2393 ll.
399 2323 535 2392 illustris
570 2325 648 2394 ordo
673 2325 969 2396 iurisconsultorum

721 2495 761 2562 ιιι
786 2492 913 2562 dominii
939 2496 1051 2582 privati
1079 2495 1200 2561 rationo
1225 2493 1443 2583 philosophica

360 2681 451 2748 quam
478 2670 684 2750 proposuerat
708 2663 937 2749 quaestionem,
968 2661 1030 2728 (luo
1055 2661 1250 2729 comilitones
1278 2662 1404 2731 solvere
1432 2665 1534 2730 conati
1564 2671 1649 2740 sunt3
1682 2672 1711 2729 et
1737 2661 1810 2728 licet
1836 2685 1912 2731 meu-

358 2790 407 2846 ter
432 2777 540 2847 Ordini
568 2783 690 2848 omnino
719 2781 922 2856 satisfecerit,
960 2782 1079 2845 curavit
1106 2791 1208 2846 tamen
1235 2777 1335 2857 Ordo,
1367 2801 1406 2846 ne
1443 2778 1545 2846 studio
1573 2781 1605 2843 ιιι
1638 2799 1673 2845 ιι
1706 2789 1767 2844 tam
1792 2779 1910 2847 difficili

360 2902 500 2986 impenso
527 2902 637 2966 merita
659 2899 731 2965 lans
758 2899 959 2983 meritumque
984 2891 1155 2984 praemium
1180 2894 1268 2962 desit.

522 3064 813 3131 commentationem
837 3062 957 3130 verbis:

612 3229 706 3309 „Wer
733 3232 817 3299 nicht
841 3232 924 3298 hann
949 3251 1014 3301 uas
1041 3253 1076 3300 er
1100 3233 1181 3310 will,
1209 3233 1267 3300 der
1290 3233 1384 3303 uolle
1408 3253 1472 3303 uas
1499 3255 1535 3302 ιι
1562 3235 1673 3301 hann“

360 3404 538 3489 insignitam
562 3401 614 3487 qui
640 3403 782 3489 scripsit,
812 3402 1021 3488 maximopere
1046 3402 1079 3466 in
1098 3421 1138 3468 eo
1164 3411 1309 3468 uersatus
1334 3411 1400 3478 est,
1435 3410 1467 3469 ut
1493 3401 1660 3469 (hominium
1684 3402 1834 3490 privatum
1859 3403 1909 3468 ius

362 3542 434 3588 esse
460 3519 639 3586 humanitati
669 3519 835 3588 inhaerens
860 3528 951 3606 atque
978 3539 1016 3586 ιι
1041 3521 1112 3608 ipsa
1139 3519 1335 3606 singulorum
1360 3519 1515 3589 hominnm
1539 3531 1650 3589 natura
1673 3519 1831 3610 proluens
1856 3519 1910 3585 de-

361 3649 554 3707 monstraret.
616 3638 683 3706 Nec
708 3659 784 3707 uero
811 3639 891 3724 sugit
925 3659 996 3706 eum
1020 3638 1079 3705 hac
1112 3638 1184 3706 sola
1215 3642 1335 3707 ratione
1360 3641 1555 3729 inaequalem
1588 3641 1740 3709 bonorum
1774 3641 1910 3728 priuato-

361 3777 429 3824 rum
453 3767 564 3824 statnm
590 3762 667 3826 satis
695 3759 856 3827 commode
889 3758 1040 3847 explicari
1066 3779 1130 3828 non
1156 3779 1269 3847 posse;
1304 3761 1409 3846 itaque
1439 3762 1538 3828 missa
1568 3758 1767 3849 philosophia
1795 3759 1909 3825 misso-

360 3897 420 3964 que
446 3880 513 3944 ιιιιι
539 3877 675 3944 naturali
700 3877 741 3944 ad
766 3879 928 3946 ιιιιιοιιιιιι
952 3881 1137 3968 praesertim
1158 3891 1316 3968 artemque
1340 3879 1498 3968 politicam
1525 3899 1561 3948 se
1587 3881 1746 3946 convertit.

509 4045 647 4112 Alterius
674 4047 939 4114 commentationis
966 4048 1101 4135 scriptor
1124 4047 1231 4114 verbis

559 4212 644 4292 „llas
667 4212 766 4324 Recht
787 4213 843 4281 des
869 4211 1069 4300 Eigenthnms
1095 4218 1137 4282 ist
1164 4216 1222 4282 das
1247 4214 1345 4281 Recht
1372 4213 1429 4280 der
1452 4213 1782 4300 Eigenthtimlichkeit“

359 4383 541 4472 praemissis
581 4383 642 4450 iam
675 4381 840 4460 indicavit,
881 4379 1036 4469 quomodo
1069 4379 1263 4466 singularum
1299 4393 1502 4467 personarum
1539 4382 1606 4459 ius,
1647 4401 1700 4448 ros
1736 4399 1811 4448 suas
1845 4381 1908 4448 sihi

359 4501 502 4580 habendi,
527 4499 636 4584 logum
660 4500 861 4570 humanarum
887 4501 1007 4567 ratione
1031 4521 1095 4570 non
1121 4499 1236 4578 hahita,
1263 4497 1551 4567 secundumrlivina
1574 4498 1791 4590 philosophiae
1815 4520 1908 4592 qnae-

361 4633 452 4709 cspta
483 4619 709 4688 dmendenelnm
740 4629 827 4688 esset
861 4630 972 4688 contra
1005 4642 1079 4699 eos,
1120 4621 1174 4707 qni
1214 4637 1367 4707 pmuersa
1396 4618 1532 4706 quatiam
1564 4617 1761 4710 philosophia
1800 4619 1907 4688 imbuti

361 4741 492 4808 omnium
518 4741 671 4808 honorum
698 4741 942 4810 communionem
969 4752 1022 4808 ant
1049 4740 1213 4827 aequalem
1245 4739 1429 4808 diuisionem
1465 4741 1667 4828 postularant
1717 4738 1905 4808 Sententiam

1066 4871 1068 4874 ·
1505 4849 1526 4913 7
