4130 5642
1130 579 1152 666 'l

1046 683 1244 696 mut-¹·-

352 825 482 902 caena
508 819 678 898 mecona
705 817 865 908 codicum
892 817 937 893 ab
960 841 1001 894 sc
1028 827 1314 918 comparatorum
1340 817 1518 916 exposuit.
1572 815 1702 896 Potuit·
1719 818 1808 898 susle
1833 823 1938 900 lucu«P

353 954 564 1037 hebetibus
590 953 666 1030 uti:
708 952 841 1052 delegit
868 953 983 1046 onim,
1012 977 1105 1051 quae
1133 952 1268 1030 minimi
1296 958 1379 1028 eunt
1406 977 1516 1045 usus,
1548 951 1733 1032 Plothcuis
1758 951 1937 1055 usca-pe

354 1088 579 1168 aemonae
614 1085 721 1164 codd,
763 1086 936 1165 Parisiois
975 1085 1098 1160 relicta
1124 1088 1183 1168 iel,
1211 1092 1333 1176 aucta,
1372 1111 1409 1182 p·
1442 1088 1621 1164 eones.
1702 1084 1841 1166 Verum
1877 1090 1939 1168 lle

353 1248 471 1323 acque
506 1222 663 1300 aeonae
698 1219 808 1298 totos
844 1221 963 1318 operis
991 1220 1037 1298 ab
1063 1219 1268 1300 notionibus
1298 1217 1458 1298 obsculis
1498 1217 1719 1311 abduxerat,
1765 1243 1832 1298 uec
1859 1247 1940 1296 me

352 1357 509 1438 mem
550 1360 760 1453 apparatum
796 1351 971 1432 lahorem
1011 1352 1305 1432 bibliothecarum
1344 1376 1366 1423 a
1403 1349 1531 1427 forulis
1570 1352 1807 1454 locupletarca
1868 1381 1937 1452 que

352 1488 469 1570 ubre
497 1487 609 1568 osteor
642 1485 687 1564 sb
725 1511 770 1572 co
803 1486 954 1584 posteris
993 1486 1095 1566 mota
1130 1493 1244 1566 totum
1280 1484 1462 1584 negotium
1492 1484 1631 1567 silente
1667 1483 1781 1560 luisse
1818 1493 1938 1563 trans·

351 1631 482 1704 ocum.

449 1755 631 1834 Hactenus
659 1754 805 1829 sumone
844 1754 948 1831 lineis
976 1755 1072 1834 vices
1110 1761 1145 1830 et
1179 1754 1396 1832 iucrcmcuto
1422 1750 1722 1852 Gcographorum
1761 1751 1938 1831 minorum

350 1887 645 1986 perstrinximus:
674 1887 771 1960 unde
799 1888 830 1960 si
858 1888 948 1960 nihil
969 1886 1065 1960 aliud
1093 1887 1316 1986 colligimus,
1356 1893 1511 1959 atcerte
1538 1885 1640 1958 nobis
1665 1885 1937 1982 persuademus,

350 2045 441 2124 quae
471 2019 550 2119 quis
578 2019 617 2090 in
642 2019 792 2092 historia
818 2020 1033 2122 philologiae
1061 2020 1193 2121 hospes
1221 2019 1441 2093 incredibilia
1469 2018 1611 2111 dixerit,
1642 2018 1816 2116 primum,
1846 2019 1939 2090 hanc

350 2155 563 2252 scriptorum
590 2149 750 2227 affinium
778 2177 986 2254 compagem
1019 2161 1153 2228 temere
1189 2151 1303 2227 luisse
1333 2153 1574 2228 concinnatam
1609 2160 1645 2224 et
1673 2149 1849 2226 editorum
1878 2177 1938 2224 ar-

350 2287 504 2380 bitratu,
547 2307 621 2357 non
649 2291 689 2357 ut
720 2286 783 2360 lox
808 2286 1003 2385 probabilis
1038 2294 1075 2360 et
1101 2310 1225 2360 norma
1252 2286 1452 2386 deligendis
1487 2287 1526 2358 in
1551 2284 1652 2357 libris
1677 2285 1832 2372 valerct;
1872 2284 1938 2356 de-

348 2418 454 2510 inde,
490 2443 536 2490 nc
578 2443 674 2490 nunc
709 2418 853 2517 quidem
880 2418 1075 2518 perlectam
1103 2445 1183 2493 esse
1220 2421 1483 2512 collectionem,
1524 2403 1670 2489 modicis
1699 2415 1937 2488 voluminibus

348 2551 642 2650 comprehensam
669 2576 787 2649 neque
824 2554 918 2626 mole
946 2553 1275 2628 commentariorum
1304 2552 1491 2646 obrutam,
1527 2575 1618 2649 quae
1652 2573 1874 2622 communem
1900 2551 1939 2621 in

347 2709 454 2758 usmn
488 2691 565 2756 tum
594 2681 813 2782 antiquitatis
845 2694 921 2760 tum
954 2686 1214 2786 geographicae
1244 2685 1451 2783 disciplinae
1491 2683 1659 2756 studiosis
1692 2689 1832 2778 pateat,
1874 2683 1938 2754 sed

346 2819 535 2893 thesauros
575 2817 663 2891 istos
705 2843 727 2890 a
760 2820 1013 2921 plerorumque
1058 2817 1211 2890 fortunis
1251 2825 1407 2889 remotos
1448 2817 1487 2884 in
1528 2814 1750 2884 bibliothecis
1787 2813 1937 2884 latitare.

347 2950 425 3026 Sed
451 2950 687 3044 adiungamus
715 2952 857 3022 tertiam
884 2952 990 3024 etiam
1016 2947 1310 3022 observationem.
1373 2947 1511 3045 Nempe
1541 2946 1739 3044 perexigua
1767 2952 1849 3020 sunt
1877 2971 1937 3017 co-

346 3081 465 3152 dicum
494 3077 646 3169 auxilia,
675 3103 741 3151 nec
767 3079 887 3152 licebit
913 3081 1008 3152 ultra
1037 3080 1225 3178 quicquam
1253 3103 1423 3178 sperare,
1465 3105 1534 3178 quo
1563 3052 1702 3151 libellos
1730 3076 1818 3149 istos
1843 3103 1937 3150 nunc

347 3213 483 3284 laceros
508 3217 543 3282 et
572 3209 767 3310 discerptos
804 3237 898 3285 nunc
926 3209 1065 3285 mendis
1094 3219 1129 3285 et
1157 3219 1298 3285 vetusta
1327 3212 1530 3310 corruptela
1558 3207 1683 3283 foedos
1711 3209 1936 3309 redintegre-

344 3370 438 3420 mus.
501 3343 664 3442 Apparet
690 3345 785 3419 enim
815 3352 889 3418 tres
917 3352 1117 3421 ceterorum
1145 3371 1225 3420 csse
1260 3345 1398 3438 fontes,
1436 3346 1661 3437 Palatinum,
1700 3343 1935 3416 Pithoeanum

344 3485 382 3549 et
418 3501 520 3568 erun,
569 3477 630 3574 qui
658 3477 766 3549 variis
796 3476 864 3549 sub
899 3477 1009 3550 titulis
1048 3475 1236 3572 (Codicum
1263 3477 1442 3571 Chilleti,
1463 3477 1770 3570 Vindobonensis,
1816 3477 1934 3574 Regii,

346 3607 557 3700 Leidensis,
600 3607 861 3707 Tamicensis)
896 3612 1103 3710 omnigenas
1128 3620 1248 3710 partes
1276 3611 1508 3712 Agathemcri
1536 3610 1788 3708 complectitur.
1859 3610 1934 3682 Ita-

347 3767 415 3841 que
443 3741 600 3840 prudens
628 3743 769 3816 criticus
798 3745 884 3816 satis
912 3744 1057 3818 habebit
1087 3744 1245 3818 breviter
1270 3767 1393 3818 veram
1421 3752 1457 3818 ct
1486 3744 1699 3840 primitivam
1717 3743 1827 3820 MSS·
1844 3745 1933 3815 scri-

347 3885 507 3978 pturam,
538 3874 657 3948 missis
686 3877 867 3975 plerisque
894 3891 1055 3951 veterum
1084 3877 1278 3951 editionum
1306 3877 1513 3950 lectionibus
1542 3901 1588 3948 an
1616 3877 1815 3970 erroribus,
1845 3903 1933 3950 cno-

346 4016 463 4101 tasse,
505 4032 546 4079 ac
585 4031 650 4104 pro
681 4005 823 4083 diversa
857 4008 1030 4088 librormn
1059 4011 1282 4104 condicione,
1321 4035 1471 4110 quorum
1496 4009 1656 4086 oonncrlli
1695 4010 1809 4105 (volut
1835 4013 1933 4109 prior

346 4140 512 4238 Periplus
538 4140 710 4235 Arriani)
760 4144 876 4216 rarius
905 4144 1021 4218 labem
1058 4151 1268 4236 traxerunt,
1309 4146 1464 4220 criticam
1496 4143 1767 4218 coniecturalem
1801 4143 1931 4216 finibrm

346 4279 545 4371 compescet
573 4271 774 4346 artioribus.
846 4275 890 4349 In
916 4302 985 4377 quo
1015 4303 1147 4378 genere
1183 4279 1366 4378 praeclara
1394 4274 1594 4374 sagacitatis
1623 4278 1814 4374 specimina
1842 4300 1931 4373 pro·

347 4413 542 4503 pcsuemnt
584 4403 782 4501 duumviri,
820 4411 881 4508 qui
915 4411 1074 4487 certatim
1107 4409 1162 4486 Sc
1169 4413 1294 4505 ymni
1337 4409 1437 4484 Chii
1477 4407 1608 4485 fractas
1637 4409 1776 4484 tabulas
1810 4435 1929 4482 resar-

348 4537 489 4614 ciendas
520 4537 588 4612 sibi
617 4551 841 4639 sumpserant
853 4595 865 4637 ,
904 4542 1185 4618 Letrcnnius
1221 4553 1278 4638 et,
1317 4543 1375 4616 cui
1403 4541 1484 4616 diva
1511 4543 1631 4615 critica
1659 4543 1801 4646 saepius
1832 4545 1928 4642 aspi-

348 4672 462 4768 ravit,
502 4672 766 4784 Meinekius
806 4684 968 4751 nostras:
1004 4677 1094 4752 adeo
1120 4684 1161 4752 ut
1199 4679 1320 4751 nullus
1349 4677 1524 4751 coniector
1550 4677 1625 4750 solo
1651 4677 1791 4778 pulchri
1820 4701 1928 4751 sensu
