4130 5642
322 852 399 920 ltem
425 853 618 921 historicam:

420 1019 453 1086 S.
479 1019 633 1086 Bonisaeii
661 1018 724 1082 vita
750 1035 853 1082 mores
879 1033 932 1080 res
959 1024 1068 1098 gestae
1094 1023 1125 1080 et
1150 1012 1285 1080 consilia
1311 1011 1531 1080 describantur
1555 1013 1614 1092 ita,
1653 1027 1685 1083 ut
1718 1038 1780 1084 non
1813 1039 1865 1086 so-

424 1140 487 1208 lum
509 1159 588 1226 quae
614 1139 654 1206 ad
679 1134 918 1226 promovendam
948 1135 980 1200 in
1006 1132 1173 1200 Germania
1201 1133 1368 1202 ecclesiam
1395 1131 1613 1216 christianam,
1646 1135 1703 1204 sed
1728 1139 1865 1228 inprimis

424 1261 516 1326 etiam
540 1277 620 1346 quae
648 1257 689 1324 ad
715 1254 918 1352 stabiliendas
943 1274 996 1320 res
1023 1254 1167 1342 publicas
1191 1256 1309 1340 egerit,
1337 1251 1455 1318 clarius
1479 1255 1680 1344 explicentur.

325 1411 463 1480 Tertiam
490 1411 529 1478 de
558 1410 668 1476 studiis
694 1409 887 1497 philologiae
914 1409 1094 1476 orientalis:

425 1566 659 1662 Demonstretur
695 1583 775 1650 quae
800 1559 986 1628 Phoenicum
1010 1561 1247 1650 Poenorumque
1272 1559 1400 1645 linguae
1438 1563 1518 1628 ratio
1553 1583 1622 1631 cum
1647 1563 1867 1636 Hebraea'in-

421 1684 577 1762 teroedat,
614 1695 819 1770 quantumque
858 1691 887 1748 et
914 1681 1025 1768 quibus
1052 1683 1084 1747 in
1108 1680 1203 1748 rebus
1229 1680 1287 1748 illa
1314 1683 1411 1750 faciat
1445 1678 1485 1749 ad
1518 1682 1705 1755 illustranda
1742 1687 1867 1756 Veteris

397 1781 400 1788 Δ
424 1797 614 1868 Testamenti
643 1805 766 1890 scripta.

252 1959 255 1968 '
374 1955 489 2022 Harum
515 1959 639 2044 prima
665 1957 786 2043 quidem
808 1959 961 2023 neminem
987 1955 1104 2022 allexit.
1154 1953 1376 2054 Historica
1403 1969 1504 2025 tamen
1530 1979 1622 2026 unum
1647 1963 1778 2041 invenit,
1815 1967 1867 2050 qui

326 2079 576 2143 commentarium
610 2075 657 2141 De
695 2079 758 2142 vita
792 2086 821 2142 et
846 2077 984 2143 moribus
1023 2075 1057 2144 S.
1083 2075 1238 2144 Bonilacii
1263 2078 1402 2145 traderet
1438 2078 1581 2144 lemmate
1615 2082 1793 2166 insignitum
1828 2102 1867 2149 er

323 2197 379 2263 Ev.
397 2195 554 2282 ,Matthaei
580 2195 644 2273 28,
674 2197 730 2262 19.
778 2193 918 2284 Scriptor
945 2195 1093 2262 subsidiis
1121 2199 1187 2262 suis
1213 2195 1380 2281 diligenter
1402 2218 1478 2264 usus
1505 2200 1532 2262 si
1558 2201 1658 2264 minus
1680 2199 1868 2284 elegantiam

324 2316 432 2384 iudicii
458 2325 487 2381 et
513 2315 682 2394 orationis,
722 2324 753 2380 at
784 2323 867 2380 certe
891 2315 1032 2383 laborem
1067 2326 1097 2381 et
1122 2315 1303 2382 industriam
1326 2317 1547 2404 comprobavit.
1600 2318 1742 2386 Ceterum
1766 2337 1867 2403 neque

326 2439 490 2503 interiores
526 2433 653 2500 illorum
679 2444 848 2522 temporum
875 2438 1012 2501 rationes
1036 2435 1195 2520 indagavit
1220 2444 1272 2500 aut
1297 2434 1338 2501 ad
1373 2438 1530 2520 ingenium
1555 2436 1711 2506 Bonilacii
1748 2436 1867 2504 descri-

324 2555 458 2621 bendum
492 2555 641 2634 contulit,
678 2575 737 2619 nec
770 2557 932 2642 quicquam
966 2558 1040 2621 novi
1073 2554 1272 2622 exsortibus
1299 2558 1386 2621 eruit.
1437 2553 1520 2621 Nihil
1547 2559 1642 2641 igitur
1667 2559 1796 2624 auctarii
1823 2569 1867 2626 tot

328 2672 418 2738 libris
453 2684 482 2738 et
515 2671 750 2758 quaestionibus
785 2671 823 2737 de
856 2671 1019 2737 Bonilacio
1052 2674 1183 2760 prolatis
1221 2672 1292 2739 inde
1327 2675 1471 2741 accessit.
1527 2671 1743 2743 Verumtamen
1779 2673 1866 2761 Ordo

323 2791 493 2858 modestam
520 2793 681 2878 scriptoris
709 2791 900 2875 diligentiam
928 2810 985 2856 sua
1016 2791 1111 2857 laude
1133 2813 1196 2858 non
1229 2771 1433 2859 fraudandam
1467 2773 1540 2859 esse
1575 2803 1661 2857 ratus
1697 2795 1866 2880 praemium

323 2914 353 2976 ei
379 2916 555 2989 eoncessi13
590 2930 772 2997 quamquam
801 2910 908 2978 mallet
933 2910 1016 2975 haud
1041 2912 1204 2995 vulgarem
1232 2915 1323 2979 etiam
1350 2912 1520 2979 doctrinam
1547 2924 1577 2979 et
1601 2909 1778 2978 facultatem
1806 2912 1866 2978 sibi

326 3030 451 3116 probari
476 3033 625 3119 potuisse.

372 3219 483 3287 Saluta
511 3218 660 3286 schedula
685 3239 796 3287 nomen
823 3223 984 3310 scriptoris
1010 3220 1166 3310 apparuit:

536 3382 786 3453 rflnonoatts
817 3385 1052 3454 GUlLELhdUS
1084 3383 1285 3453 HENRICUS
1319 3385 1600 3467 PERSGHMANN,

925 3505 1215 3554 saxo-aoaussus.

373 3654 564 3721 Tertiam
599 3657 812 3741 quaestionem
833 3675 914 3740 qnae
942 3654 981 3721 de
1003 3654 1121 3721 Punica
1147 3654 1256 3738 lingua
1287 3652 1344 3719 fuit
1380 3655 1510 3740 eiusque
1543 3675 1611 3721 cum
1639 3653 1784 3722 Hebraea
1810 3677 1865 3724 co-

322 3777 468 3862 gnatione
491 3776 563 3839 item
589 3793 667 3840 unus
690 3775 827 3860 suscepit
852 3775 993 3851 iuvenis,
1019 3775 1076 3841 sed
1101 3775 1251 3850 idoneus,
1279 3776 1331 3860 qui
1357 3777 1640 3841 commentationem
1665 3795 1753 3842 suam
1778 3777 1864 3842 exbi-

320 3897 386 3961 huit
410 3894 553 3961 lemmate
580 3896 732 3978 insignem
756 3890 857 3957 Plauti
879 3891 1009 3959 Poenuli
1034 3891 1072 3972 V,
1103 3896 1138 3970 l,
1167 3895 1199 3960 6.
1255 3893 1313 3959 Ηίο
1338 3895 1460 3959 tametsi
1486 3914 1548 3960 non
1573 3914 1681 3961 omnes
1706 3897 1863 3980 quaestio-

324 4017 372 4081 nis
400 4013 481 4080 haud
507 4015 667 4102 expeditae
692 4023 796 4100 partes
822 4015 890 4100 pari
917 4015 1089 4079 constantia
1113 4023 1296 4102 persecutus
1324 4022 1370 4079 est
1406 4022 1435 4077 et
1469 4016 1502 4079 in
1527 4015 1657 4100 copiosa
1686 4013 1724 4079 de
1750 4017 1863 4081 utrius·

322 4154 382 4221 que
415 4134 541 4218 linguae
569 4133 740 4201 rationibus
767 4134 976 4216 grammaticis
1002 4130 1225 4220 disputatione,
1265 4153 1355 4220 quam
1382 4131 1549 4216 diligenter
1573 4133 1717 4208 instituit,
1752 4134 1861 4200 dictio-

322 4253 414 4321 nibus
456 4264 485 4318 et
517 4255 573 4320 toti
606 4253 820 4320 Hebraeorum
861 4253 1032 4339 antiquitati
1068 4253 1216 4318 minorem
1249 4250 1395 4340 impendit
1429 4266 1571 4338 operam:
1610 4261 1711 4318 maren
1747 4253 1862 4338 ubique

318 4375 368 4440 his
395 4377 427 4440 in
459 4371 569 4440 studiis
596 4371 797 4439 laudabiliter
824 4391 896 4438 sese
921 4383 1078 4438 versatum
1112 4373 1247 4439 ostendit
1273 4382 1365 4458 atque
1403 4370 1624 4452 exercitatum,
1658 4391 1717 4440 nec
1747 4389 1861 4458 passus

319 4505 365 4557 est
402 4492 526 4560 laudem
553 4493 735 4576 sagacitatis
762 4501 792 4557 et
817 4493 935 4576 ingenii
958 4491 1142 4558 desiderari.
1195 4490 1402 4571 Quamobrem
1428 4487 1516 4558 Ordo
1540 4490 1676 4560 libenter
1707 4493 1860 4574 integrum

321 4615 487 4699 praemium
530 4613 676 4699 scriptori
707 4610 835 4689 tribuit,
879 4631 1012 4699 eumque
1050 4605 1234 4678 'cohortatur
1264 4620 1298 4676 et
1332 4613 1364 4675 in
1396 4629 1493 4678 cursu
1525 4612 1685 4682 doetrinae
1717 4609 1861 4678 inchoato

319 4743 443 4800 strenue
470 4745 588 4820 pergat.
1291 4725 1294 4732 ⁴
