4130 5642
1163 565 1211 654 3.

1076 681 1272 692 0-—

980 1125 983 1128 .
1088 994 1198 1122 ¹doput
1235 995 1261 1078 l.

429 1222 451 1242 ··
478 1207 736 1284 Verumtamen
765 1231 787 1282 a
813 1202 1106 1307 praelationibua
1122 1210 1169 1284 ad
1193 1211 1308 1308 ipsam
1331 1227 1427 1299 rem,
1471 1205 1539 1280 hoc
1565 1215 1643 1300 est,
1684 1202 1740 1279 ad
1760 1207 1970 1310 Gangre·

381 1346 491 1444 phoa
521 1343 724 1418 Graecos
751 1342 946 1415 minoi-aa
974 1351 1255 1440 praevertemur.
1319 1341 1434 1434 Quem
1461 1340 1603 1414 tiunlmn
1633 1361 1713 1413 cum
1741 1361 1969 1442 usurpamus,

379 1477 485 1552 facile
500 1476 555 1550 'de
583 1495 729 1574 eorpcte
762 1475 917 1574 quodam
944 1476 1103 1575 legitimo
1133 1483 1169 1548 et
1201 1475 1408 1548 collectione
1434 1474 1542 1546 certia
1573 1476 1791 1572 argumentis
1821 1483 1858 1549 et
1885 1476 1970 1549 lini-

379 1611 447 1684 bus
476 1610 611 1682 incluse
637 1603 844 1709 cogitamus.
899 1603 975 1686 Sed
1002 1618 1083 1684 aute
1111 1608 1163 1682 Ιο.
1191 1607 1425 1700 Iludsonum,
1452 1608 1514 1706 qni
1540 1614 1677 1680 temere
1703 1615 1785 1706 poet
1811 1607 1859 1684 L.
1877 1609 1969 1682 1101-

380 1757 533 1830 stenium
559 1754 663 1829 finxit
689 1757 795 1830 istem
823 1757 1127 1854 inscriptionem,
1154 1767 1225 1828 non
1252 1753 1461 1826 ierabantm
1490 1752 1699 1853 Geograpbi
1726 1751 1872 1828 minoris
1901 1779 1969 1828 vo-

378 1890 521 1963 luminis
545 1891 725 1980 cpmmuni
751 1891 988 1988 appellatione
1014 1889 1136 1962 iuneti.
1201 1885 1316 1960 (lasus
1357 1887 1451 1960 enim
1480 1909 1546 1959 scu
1583 1887 1678 1960 bona
1709 1885 1852 1960 fortuna
1890 1887 1971 1960 tulit

377 2029 443 2097 ul'
458 2014 570 2096 libelli
614 2022 816 2120 complures
859 2022 1089 2122 geographici
1128 2021 1280 2120 singulis
1316 2019 1496 2094 codicibus
1540 2027 1789 2108 servarentur3
1836 2038 1970 2116 eosque

377 2157 471 2230 nacti
502 2154 665 2228 homines
696 2154 789 2228 docti
824 2155 918 2253 typis
946 2163 1210 2254 propagarunt,
1247 2155 1344 2227 ultra
1372 2149 1464 2226 nihil
1491 2153 1665 2226 rimantes.
1689 2154 1759 2226 nisi
1790 2157 1831 2224 ut
1858 2173 1970 2250 gran·

378 2289 483 2362 dibus
510 2289 618 2362 huius
654 2289 859 2388 disciplinae
887 2289 1067 2387 magistris
1093 2286 1262 2362 Straboni
1302 2291 1339 2360 et
1365 2285 1571 2360 Ptolemaeo
1609 2283 1755 2358 comites
1782 2284 1841 2358 vel
1880 2309 1970 2381 sup-

377 2424 556 2521 plementa
584 2422 759 2522 quaedam
786 2430 965 2520 pararent.
1039 2420 1184 2494 Primus
1221 2423 1333 2520 igitur
1360 2418 1697 2518 sigismundus
1734 2416 1970 2492 Gelenius

376 2556 521 2628 Arriani
548 2565 585 2629 et
611 2555 796 2629 Hannonis
824 2555 1008 2654 Periplcs,
1038 2554 1268 2628 Plutarchum
1298 2551 1343 2626 de
1369 2551 1574 2624 flmninibus
1605 2555 1641 2624 et
1666 2549 1854 2624 Strabonis
1878 2549 1969 2649 Epi-

376 2696 496 2762 tomcn
523 2685 692 2762 Bersiba.
725 2693 833 2764 1533.
859 2685 1038 2788 prodidit,
1069 2709 1159 2762 usus
1185 2687 1267 2762 MS.
1294 2687 1475 2778 Palatino,
1506 2707 1612 2782 quem
1637 2682 1675 2756 in
1700 2684 1794 2756 Bibl.
1820 2685 1969 2757 Vatica-

376 2842 460 2894 num
487 2823 665 2917 delatum,
694 2821 1007 2921 posteaParisius
1038 2829 1221 2908 avectum,
1248 2819 1330 2888 bine
1359 2817 1437 2886 aedi
1465 2815 1762 2912 Heidelbergenai
1790 2816 1968 2889 redditum

376 2955 522 3025 Dastius
549 2955 664 3048 Epist.
694 2955 782 3024 Crit.
817 2955 1006 3049 diligenter
1033 2949 1231 3046 descripsit.
1296 2944 1334 3018 Is
1356 2943 1490 3039 codex,
1527 2947 1688 3018 omnium
1714 2948 1775 3044 qui
1802 2947 1967 3047 Geogra·

377 3087 470 3183 phos
495 3086 651 3158 minores
672 3085 851 3156 continent
869 3090 907 3154 ct
928 3082 1194 3180 antiquissimus
1224 3086 1261 3152 ct
1288 3081 1333 3152 ab
1362 3079 1496 3153 artifice
1525 3079 1639 3177 perito
1668 3087 1850 3174 exoratus,
1873 3105 1968 3153 unus

378 3215 548 3315 opuscula
575 3217 696 3290 variae
725 3216 904 3289 doctrinae
931 3214 1175 3288 conseruerit:
1196 3214 1345 3312 ‘quippe
1373 3215 1475 3286 cuius
1503 3209 1675 3285 beneficio
1707 3212 1842 3312 Peripli
1869 3215 1968 3285 baud

376 3344 600 3449 poenitendi,
635 3352 827 3447 scriptores
865 3348 1104 3446 mythologice
1133 3349 1209 3420 sive
1235 3368 1357 3418 rerum
1384 3336 1609 3418 ¹mirabilium
1646 3345 1761 3439 docti,
1801 3345 1967 3418 rhetores

378 3486 608 3581 epistolarum
635 3491 796 3554 auctores
832 3488 984 3555 aetatem
1013 3481 1174 3554 tulerint.
1237 3479 1431 3554 Gelonium
1467 3479 1610 3576 excepit
1645 3475 1793 3551 David
1836 3479 1966 3550 lloe·

377 3617 604 3709 schelius,
643 3615 885 3688 Bibliothecae
911 3616 1146 3713 Augustanac
1172 3613 1397 3712 praefectus,
1439 3613 1501 3711 qui
1528 3613 1684 3686 libellos·
1699 3619 1773 3685 tres
1802 3611 1869 3684 sub
1898 3636 1966 3683 no·

376 3753 470 3824 mine
496 3751 669 3824 Marciani
695 3747 927 3848 Heracleotae
956 3747 1050 3844 (hcc
1077 3754 1157 3839 est,
1184 3745 1402 3842 Scymnum,
1432 3747 1605 3819 Marciani
1632 3745 1840 3843 Periplum,
1875 3742 1965 3841 Epi·

377 3896 495 3957 tcmcn
521 3883 789 3976 Artemidori),
830 3881 1040 3976 Scylacem,
1079 3875 1290 3952 Dicaearchi
1327 3879 1551 3979 fragmenta,
1593 3879 1724 3952 Isidori
1759 3877 1964 3950 Mansiunea

377 4017 569 4090 Parthicas
590 4017 776 4115 Augustae
808 4010 954 4088 Vindcl.
984 4039 1016 4086 a.
1048 4016 1157 4088 1600.
1194 4015 1321 4086 erasit.
1387 4013 1620 4086 Rarissimam
1661 4009 1851 4083 editionem
1892 4033 1965 4083 non

377 4150 535 4246 inspexit
572 4149 814 4240 Lenonmus,
851 4149 911 4220 cui
946 4145 1182 4222 liceachelius
1208 4147 1396 4220 videbatur
1422 4143 1681 4218 Dicaearchum
1719 4145 1878 4218 nescisse
1918 4145 1965 4215 ab

376 4283 424 4356 Η.
449 4282 634 4381 Stephano
662 4307 695 4354 a.
729 4283 837 4354 1589.
862 4276 1056 4380 prolatum3
1081 4288 1287 4380 ¹repugnant
1314 4280 1410 4352 enim
1437 4277 1534 4349 illius
1563 4279 1806 4351 annotationes
1836 4301 1964 4373 quam-

377 4413 431 4490 vis
456 4434 566 4488 rarae
604 4443 640 4516 p.
668 4419 753 4491 201.
781 4437 860 4514 sqq.
926 4415 1038 4488 Recte
1074 4423 1196 4488 tamen
1223 4413 1442 4501 Latronnius
1473 4411 1684 4510 Fmpmene
1727 4411 1765 4488 d.
1810 4409 1963 4507 poemat

376 4545 509 4650 playn.
540 4569 577 4650 p.
606 4553 664 4623 18.
692 4573 768 4648 sqq.
798 4549 998 4647 suspicatur
1023 4548 1236 4622 Dicaearchi
1263 4546 1454 4646 particulas
1483 4544 1529 4616 ad
1553 4543 1778 4643 'Stephanum
1805 4540 1962 4641 perlatas

379 4682 645 4759 unil'itbocano
665 4681 780 4758 codici
793 4683 931 4756 deberi.
965 4677 1100 4757 Fontes
1120 4703 1206 4756 suos
1225 4679 1459 4754 liceschelios
1483 4679 1640 4752 breuiter
1660 4675 1792 4752 indicat
1812 4679 1850 4750 in
1875 4673 1961 4746 lolio

1668 4801 1686 4865 1
1709 4802 1722 4832 .
