4130 5642
1090 605 1138 690 dh

1010 712 1210 726 Ἠ

354 843 375 876 ·’
409 845 519 934 ltaque
543 839 645 913 uictor
666 844 800 932 prodiit:

571 975 790 1043 ERNESTUS
824 975 942 1046 ΘΤΤΟ
970 975 1212 1047 PRlDliRlCUS
1247 975 1498 1045 HERMANNUS
1532 975 1648 1055 nunti,

993 1100 1245 1154 nounnusnntts·

915 1274 1313 1289 w

411 1463 620 1545 Quaestioncs
646 1465 678 1530 in
705 1485 818 1532 annum
845 1477 1023 1556 sequentem
1044 1477 1188 1555 quattuor
1200 1463 1416 1533 Universitatis
1434 1460 1568 1530 Ordines
1587 1474 1814 1552 proposuerunt
1834 1464 1908 1532 has:

267 1723 279 1738 α
309 1607 334 1698 l.
364 1629 489 1699 Summe
513 1630 703 1698 venerahilis
729 1627 966 1720 Theologorum
995 1631 1080 1702 Ordo
1110 1637 1221 1724 repetit
1251 1635 1465 1722 quaestionem
1494 1635 1656 1721 superiore
1689 1655 1769 1702 anno
1796 1655 1910 1724 propo-

361 1750 467 1816 situm:
611 1757 614 1764 ’
1252 1755 1255 1762 ’

456 1915 644 2001 „Ingenium
682 1927 712 1983 et
744 1938 848 1985 mores
874 1917 1007 2006 Philippi
1033 1916 1096 1987 lac.
1123 1919 1256 2010 Speneri
1283 1917 1515 1995 describantur,
1553 1926 1583 1982 et
1608 1917 1700 2003 quale
1727 1929 1909 1984 momentum

494 2055 547 2101 res
570 2035 610 2100 ah
638 2055 676 2102 eo
703 2046 812 2121 gestae
837 2036 1001 2106 habuerint
1026 2043 1059 2106 in
1083 2041 1223 2110 ecclesia
1247 2050 1278 2107 ct
1302 2037 1463 2122 theologia
1487 2035 1680 2121 euangelica,
1705 2047 1910 2125 exponatur;“

358 2221 531 2290 novamque
556 2205 701 2292 proponit
727 2200 825 2268 hanc.

460 2332 659 2424 „Exponatur
684 2336 804 2402 dierum
836 2336 987 2404 festorum
1013 2339 1094 2427 apud
1119 2338 1283 2408 Hebraeos
1316 2341 1411 2416 ratio,
1444 2337 1582 2403 instituta
1608 2357 1677 2404 cunr
1703 2348 1828 2405 ceterae
1854 2358 1909 2404 an-

519 2455 669 2543 tipuitatis
697 2455 787 2522 festis
814 2460 1076 2544 comparatione.“

2005 2487 2007 2548 i

310 2619 350 2688 ll.
382 2619 520 2688 illustris
546 2619 832 2688 lureconsultorum
854 2618 939 2687 Ordo
965 2623 1045 2688 hanc
1072 2627 1285 2709 quaestionem
1308 2601 1499 2689 tractandam
1525 2622 1733 2691 commendat:
2006 2549 2009 2696 d

459 2753 525 2834 „De
551 2756 581 2821 ri
616 2764 645 2820 et
681 2754 793 2820 ellectu
826 2757 1076 2821 connossementi
1108 2752 1192 2840 quod
1224 2763 1337 2819 vocant
1369 2756 1402 2819 in
1430 2754 1564 2820 dominio
1596 2756 1743 2818 mercium
1775 2753 1909 2820 transfe-
2008 2723 2010 2788 3

517 2871 647 2940 rendo.“

244 3081 248 3090 .
360 3026 525 3095 Desiderat
546 3023 633 3092 Ordo
659 3036 836 3093 accuratam
860 3028 938 3093 iuris
957 3028 1125 3094 communis
1150 3025 1390 3112 expositionem,
1415 3023 1521 3089 hahita
1545 3027 1684 3112 inprimis
1701 3028 1821 3093 ratione
1839 3028 1908 3093 eius
2011 3035 2012 3052 ¹

360 3145 650 3230 argumentationis,
676 3165 767 3232 quam
792 3167 966 3235 supremum
992 3147 1138 3212 iudicium
1164 3143 1428 3232 Megapolitanum
1455 3144 1628 3231 amplexum
1652 3155 1700 3211 est
1727 3144 1799 3233 (cfr.
1823 3142 1908 3212 Zeit-

361 3265 470 3332 schriit
494 3265 544 3332 ltir
568 3264 733 3332 deutsches
759 3263 856 3332 Recht
879 3264 915 3333 B.
943 3268 975 3334 9.
1001 3264 1035 3332 S.
1061 3264 1134 3331 489
1160 3263 1222 3350 ft).

309 3430 364 3498 lll.
399 3430 564 3499 Gratiosus
591 3429 787 3497 Medicorum
817 3427 903 3498 Ordo
928 3431 1046 3498 hancce
1071 3434 1213 3519 proponit
1239 3433 1469 3517 quaestionem:

460 3595 658 3685 „disponatur
689 3597 870 3686 pathologia
895 3611 926 3665 et
958 3597 1097 3684 therapio
1121 3607 1289 3677 tumorum,
1324 3600 1375 3685 qui
1403 3598 1462 3664 suh
1488 3598 1589 3665 forma
1614 3609 1644 3664 et
1668 3600 1791 3665 nomine
1818 3598 1907 3686 poly-

519 3736 629 3806 porum
655 3723 851 3784 occurrunt.“

310 3884 363 3952 1v.
397 3883 614 3973 Amplissimos
638 3879 897 3970 Philosophomm
922 3880 1007 3952 Ordo
1033 3888 1246 3973 quaestionem
1269 3886 1308 3954 dc
1332 3885 1529 3975 philosophia
1557 3896 1705 3973 sumptam
1728 3886 1854 3974 repetit:

461 4049 652 4140 ,‚l'rnecipnu
676 4049 782 4116 Kantii
813 4048 853 4116 de
879 4051 1041 4138 republica
1072 4053 1188 4142 placita
1216 4062 1398 4119 enarrentur
1428 4071 1527 4138 eaque
1556 4061 1772 4139 comparentur
1797 4051 1908 4139 partim

378 4220 381 4226 -
519 4191 588 4238 cum
623 4172 682 4250 iis,
719 4188 800 4256 quae
826 4179 897 4236 ante
922 4171 1066 4238 Kantium
1100 4173 1180 4238 inter
1206 4170 1318 4239 Gallos
1343 4170 1563 4259 Montesquieu
1598 4180 1628 4238 et
1652 4169 1818 4239 Rousseau
1852 4169 1909 4236 do-

520 4299 665 4368 cuerant,
700 4291 810 4377 partim
838 4309 907 4356 cum
939 4292 979 4357 iis
1005 4293 1183 4370 sententiis,
1217 4310 1298 4377 quae
1322 4301 1433 4378 postea
1456 4292 1537 4358 inter
1561 4289 1733 4360 Germanos
1756 4285 1907 4357 'invalue-

520 4413 618 4474 runt“

362 4578 453 4666 eique
475 4574 554 4643 dnus
579 4574 682 4655 addit,
708 4576 837 4645 alteram
865 4597 904 4645 en
929 4577 1039 4646 eodem
1065 4577 1234 4645 studiorum
1260 4596 1396 4681 genere:

459 4743 660 4825 „Quaemtum
688 4744 802 4832 quihus
823 4746 1015 4834 potissimum
1039 4744 1210 4813 rationibus
1238 4754 1267 4812 et
1291 4748 1482 4830 argumentis
1503 4744 1618 4814 Graeci
1641 4745 1818 4836 philosophi
1840 4750 1907 4820 uni-
