<?xml version="1.0" encoding="UTF-8"?>
<!DOCTYPE html PUBLIC "-//W3C//DTD XHTML 1.0 Transitional//EN"
    "http://www.w3.org/TR/xhtml1/DTD/xhtml1-transitional.dtd">
<html xmlns="http://www.w3.org/1999/xhtml" xml:lang="en" lang="en">
 <head>
  <title>
</title>
<meta http-equiv="Content-Type" content="text/html;charset=utf-8" />
  <meta name='ocr-system' content='tesseract 3.04.00' />
  <meta name='ocr-capabilities' content='ocr_page ocr_carea ocr_par ocr_line ocrx_word'/>
</head>
<body>
  <div class='ocr_page' id='page_1' title='image "analectaingeogr00berngoog_0055.png"; bbox 0 0 4130 5642; ppageno 0'>
   <div class='ocr_carea' id='block_1_1' title="bbox 950 703 1147 712">
    <p class='ocr_par' dir='ltr' id='par_1_1' title="bbox 950 703 1147 712">
     <span class='ocr_line' id='line_1_1' title="bbox 950 703 1147 712; baseline -0.005 0"><span class='ocrx_word' id='word_1_1' title='bbox 950 703 1147 712; x_wconf 75' lang='lat'><strong>--—--—---·</strong></span> 
     </span>
    </p>
   </div>
   <div class='ocr_carea' id='block_1_2' title="bbox 254 826 1877 1406">
    <p class='ocr_par' dir='ltr' id='par_1_2' title="bbox 254 826 1877 1406">
     <span class='ocr_line' id='line_1_2' title="bbox 256 826 1842 925; baseline 0.003 -25"><span class='ocrx_word' id='word_1_2' title='bbox 256 836 357 910; x_wconf 80' lang='grc' dir='ltr'><strong><em>λείας.</em></strong></span> <span class='ocrx_word' id='word_1_3' title='bbox 404 827 423 900; x_wconf 81' lang='grc' dir='ltr'><strong><em>δ</em></strong></span> <span class='ocrx_word' id='word_1_4' title='bbox 448 833 485 899; x_wconf 84' lang='grc' dir='ltr'><strong><em>δέ</em></strong></span> <span class='ocrx_word' id='word_1_5' title='bbox 518 834 603 921; x_wconf 82' lang='grc' dir='ltr'><strong><em>πρὸς</em></strong></span> <span class='ocrx_word' id='word_1_6' title='bbox 631 828 735 898; x_wconf 86' lang='grc' dir='ltr'><strong><em>αύτδν</em></strong></span> <span class='ocrx_word' id='word_1_7' title='bbox 759 829 946 919; x_wconf 87' lang='grc' dir='ltr'><strong><em>ἀπεκρίθη·</em></strong></span> <span class='ocrx_word' id='word_1_8' title='bbox 995 832 1090 898; x_wconf 83' lang='grc' dir='ltr'><strong><em>Θέλω</em></strong></span> <span class='ocrx_word' id='word_1_9' title='bbox 1119 826 1209 911; x_wconf 82' lang='grc' dir='ltr'><strong><em>κάγω</em></strong></span> <span class='ocrx_word' id='word_1_10' title='bbox 1238 829 1439 918; x_wconf 74' lang='grc' dir='ltr'><strong><em>διακονῆσαι</em></strong></span> <span class='ocrx_word' id='word_1_11' title='bbox 1466 835 1561 922; x_wconf 73' lang='grc' dir='ltr'><strong><em>παρὰ</em></strong></span> <span class='ocrx_word' id='word_1_12' title='bbox 1595 833 1643 924; x_wconf 74' lang='grc' dir='ltr'><strong><em>τιή</em></strong></span> <span class='ocrx_word' id='word_1_13' title='bbox 1666 835 1739 925; x_wconf 73' lang='grc' dir='ltr'><strong><em>θεῷ</em></strong></span> <span class='ocrx_word' id='word_1_14' title='bbox 1763 861 1842 920; x_wconf 85' lang='grc' dir='ltr'><strong><em>μου,</em></strong></span> 
     </span>
     <span class='ocr_line' id='line_1_3' title="bbox 255 948 1840 1048; baseline 0 -26"><span class='ocrx_word' id='word_1_15' title='bbox 255 955 342 1022; x_wconf 84' lang='grc' dir='ltr'><strong><em>ἀλλά</em></strong></span> <span class='ocrx_word' id='word_1_16' title='bbox 365 955 473 1022; x_wconf 87' lang='grc' dir='ltr'><strong><em>τύπον</em></strong></span> <span class='ocrx_word' id='word_1_17' title='bbox 498 951 558 1020; x_wconf 81' lang='grc' dir='ltr'><strong><em>οῦκ</em></strong></span> <span class='ocrx_word' id='word_1_18' title='bbox 591 952 675 1037; x_wconf 80' lang='grc' dir='ltr'><strong><em>ἔχεις</em></strong></span> <span class='ocrx_word' id='word_1_19' title='bbox 700 952 737 1018; x_wconf 83' lang='grc' dir='ltr'><strong><em>ἐν</em></strong></span> <span class='ocrx_word' id='word_1_20' title='bbox 768 949 810 1047; x_wconf 80' lang='grc' dir='ltr'><strong><em>τή</em></strong></span> <span class='ocrx_word' id='word_1_21' title='bbox 835 953 978 1041; x_wconf 79' lang='grc' dir='ltr'><strong><em>καρδίᾳ,</em></strong></span> <span class='ocrx_word' id='word_1_22' title='bbox 1012 948 1072 1018; x_wconf 76' lang='grc' dir='ltr'><strong><em>λ’να</em></strong></span> <span class='ocrx_word' id='word_1_23' title='bbox 1093 954 1305 1048; x_wconf 88' lang='grc' dir='ltr'><strong><em>συγχωρήσῃς</em></strong></span> <span class='ocrx_word' id='word_1_24' title='bbox 1334 975 1399 1038; x_wconf 87' lang='grc' dir='ltr'><strong><em>μου</em></strong></span> <span class='ocrx_word' id='word_1_25' title='bbox 1425 956 1485 1040; x_wconf 84' lang='grc' dir='ltr'><strong><em>τήν</em></strong></span> <span class='ocrx_word' id='word_1_26' title='bbox 1508 954 1648 1041; x_wconf 88' lang='grc' dir='ltr'><strong><em>δωρευίν.</em></strong></span> <span class='ocrx_word' id='word_1_27' title='bbox 1705 959 1840 1044; x_wconf 83' lang='grc' dir='ltr'><strong><em>πεπλη-</em></strong></span> 
     </span>
     <span class='ocr_line' id='line_1_4' title="bbox 255 1069 1877 1166; baseline -0.001 -21"><span class='ocrx_word' id='word_1_28' title='bbox 255 1078 385 1165; x_wconf 85' lang='grc' dir='ltr'><strong><em>ροίκασι</em></strong></span> <span class='ocrx_word' id='word_1_29' title='bbox 410 1077 474 1166; x_wconf 88' lang='grc' dir='ltr'><strong><em>γάρ</em></strong></span> <span class='ocrx_word' id='word_1_30' title='bbox 498 1092 561 1140; x_wconf 93' lang='grc' dir='ltr'><strong><em>σου</em></strong></span> <span class='ocrx_word' id='word_1_31' title='bbox 587 1075 649 1160; x_wconf 84' lang='grc' dir='ltr'><strong><em>τήν</em></strong></span> <span class='ocrx_word' id='word_1_32' title='bbox 673 1075 785 1164; x_wconf 78' lang='grc' dir='ltr'><strong><em>ψυχήν</em></strong></span> <span class='ocrx_word' id='word_1_33' title='bbox 815 1069 985 1161; x_wconf 77' lang='grc' dir='ltr'><em>ἄπληστοι</em></span> <span class='ocrx_word' id='word_1_34' title='bbox 1009 1073 1216 1157; x_wconf 73' lang='grc' dir='ltr'><strong><em>ἐπιθυμίαι,</em></strong></span> <span class='ocrx_word' id='word_1_35' title='bbox 1247 1074 1374 1149; x_wconf 80' lang='grc' dir='ltr'><strong><em>αἵτινες</em></strong></span> <span class='ocrx_word' id='word_1_36' title='bbox 1400 1080 1624 1164; x_wconf 82' lang='grc' dir='ltr'><strong><em>έχθραίνουσί</em></strong></span> <span class='ocrx_word' id='word_1_37' title='bbox 1646 1101 1706 1162; x_wconf 89' lang='grc' dir='ltr'><strong><em>μοι</em></strong></span> <span class='ocrx_word' id='word_1_38' title='bbox 1733 1078 1839 1164; x_wconf 85' lang='grc' dir='ltr'><strong><em>σήμε-</em></strong></span> <span class='ocrx_word' id='word_1_39' title='bbox 1874 1141 1877 1154; x_wconf 89' lang='grc'><strong><em>,</em></strong></span> 
     </span>
     <span class='ocr_line' id='line_1_5' title="bbox 255 1192 1839 1289; baseline 0 -24"><span class='ocrx_word' id='word_1_40' title='bbox 255 1223 316 1286; x_wconf 94' lang='grc' dir='ltr'><strong><em>ρον</em></strong></span> <span class='ocrx_word' id='word_1_41' title='bbox 348 1199 436 1264; x_wconf 88' lang='grc' dir='ltr'><strong><em>καλά</em></strong></span> <span class='ocrx_word' id='word_1_42' title='bbox 459 1213 517 1263; x_wconf 93' lang='grc' dir='ltr'><strong><em>σοι</em></strong></span> <span class='ocrx_word' id='word_1_43' title='bbox 542 1195 815 1279; x_wconf 80' lang='grc' dir='ltr'><strong><em>συμβουλεύοντι.</em></strong></span> <span class='ocrx_word' id='word_1_44' title='bbox 874 1197 915 1263; x_wconf 85' lang='grc' dir='ltr'><strong><em>σύ</em></strong></span> <span class='ocrx_word' id='word_1_45' title='bbox 952 1196 989 1263; x_wconf 81' lang='grc' dir='ltr'><strong><em>δέ</em></strong></span> <span class='ocrx_word' id='word_1_46' title='bbox 1022 1195 1204 1281; x_wconf 75' lang='grc' dir='ltr'><strong><em>ἐπιθυμεῖς</em></strong></span> <span class='ocrx_word' id='word_1_47' title='bbox 1244 1192 1362 1285; x_wconf 82' lang='grc' dir='ltr'><strong><em>(εἶπας</em></strong></span> <span class='ocrx_word' id='word_1_48' title='bbox 1395 1197 1544 1266; x_wconf 74' lang='lat' dir='ltr'>mendose</span> <span class='ocrx_word' id='word_1_49' title='bbox 1569 1199 1689 1266; x_wconf 70' lang='lat' dir='ltr'>Pallae.</span> <span class='ocrx_word' id='word_1_50' title='bbox 1724 1221 1754 1289; x_wconf 86' lang='lat' dir='ltr'><strong><em>p.</em></strong></span> <span class='ocrx_word' id='word_1_51' title='bbox 1782 1201 1839 1268; x_wconf 81' lang='lat'><strong><em>27.</em></strong></span> 
     </span>
     <span class='ocr_line' id='line_1_6' title="bbox 254 1312 1842 1406; baseline -0.004 -18"><span class='ocrx_word' id='word_1_52' title='bbox 254 1323 320 1388; x_wconf 81' lang='lat' dir='ltr'>sive</span> <span class='ocrx_word' id='word_1_53' title='bbox 349 1322 450 1404; x_wconf 89' lang='lat' dir='ltr'><strong>lll.)</strong></span> <span class='ocrx_word' id='word_1_54' title='bbox 488 1314 545 1383; x_wconf 72' lang='grc' dir='ltr'><strong><em>ἐπὶ</em></strong></span> <span class='ocrx_word' id='word_1_55' title='bbox 578 1317 640 1382; x_wconf 87' lang='grc' dir='ltr'><strong><em>τδν</em></strong></span> <span class='ocrx_word' id='word_1_56' title='bbox 666 1313 815 1383; x_wconf 83' lang='grc' dir='ltr'><strong><em>ἀκεανδν</em></strong></span> <span class='ocrx_word' id='word_1_57' title='bbox 848 1318 966 1384; x_wconf 85' lang='grc' dir='ltr'><strong><em>ἐλθεῖν</em></strong></span> <span class='ocrx_word' id='word_1_58' title='bbox 993 1322 1049 1384; x_wconf 78' lang='grc' dir='ltr'><strong><em>καὶ</em></strong></span> <span class='ocrx_word' id='word_1_59' title='bbox 1084 1314 1153 1401; x_wconf 80' lang='grc' dir='ltr'><strong><em>μετ’</em></strong></span> <span class='ocrx_word' id='word_1_60' title='bbox 1184 1313 1289 1382; x_wconf 86' lang='grc' dir='ltr'><strong><em>αύτδν</em></strong></span> <span class='ocrx_word' id='word_1_61' title='bbox 1321 1312 1373 1382; x_wconf 75' lang='grc' dir='ltr'><strong><em>ἐπ’</em></strong></span> <span class='ocrx_word' id='word_1_62' title='bbox 1401 1312 1506 1400; x_wconf 82' lang='grc' dir='ltr'><strong><em>ἀλλην</em></strong></span> <span class='ocrx_word' id='word_1_63' title='bbox 1538 1317 1755 1406; x_wconf 74' lang='grc' dir='ltr'><strong><em>οἰκουμένην,</em></strong></span> <span class='ocrx_word' id='word_1_64' title='bbox 1786 1324 1842 1384; x_wconf 74' lang='grc' dir='ltr'><strong><em>καὶ</em></strong></span> 
     </span>
    </p>
   </div>
   <div class='ocr_carea' id='block_1_3' title="bbox 254 1429 1841 1532">
    <p class='ocr_par' dir='ltr' id='par_1_3' title="bbox 254 1429 1841 1532">
     <span class='ocr_line' id='line_1_7' title="bbox 254 1429 1841 1532; baseline 0.001 -28"><span class='ocrx_word' id='word_1_65' title='bbox 254 1440 466 1527; x_wconf 88' lang='grc' dir='ltr'><strong><em>λυπηθήσει,</em></strong></span> <span class='ocrx_word' id='word_1_66' title='bbox 499 1432 582 1504; x_wconf 76' lang='grc' dir='ltr'><strong><em>ὅταν</em></strong></span> <span class='ocrx_word' id='word_1_67' title='bbox 612 1437 657 1523; x_wconf 81' lang='grc' dir='ltr'><strong><em>μή</em></strong></span> <span class='ocrx_word' id='word_1_68' title='bbox 682 1435 755 1532; x_wconf 86' lang='grc' dir='ltr'><strong><em>ἔχῃς</em></strong></span> <span class='ocrx_word' id='word_1_69' title='bbox 782 1442 860 1504; x_wconf 86' lang='grc' dir='ltr'><strong><em>τίνοι</em></strong></span> <span class='ocrx_word' id='word_1_70' title='bbox 886 1439 1042 1524; x_wconf 87' lang='grc' dir='ltr'><strong><em>νικήσεις.</em></strong></span> <span class='ocrx_word' id='word_1_71' title='bbox 1105 1435 1178 1511; x_wconf 73' lang='grc' dir='ltr'><strong><em>ποῦς</em></strong></span> <span class='ocrx_word' id='word_1_72' title='bbox 1212 1429 1273 1504; x_wconf 86' lang='grc' dir='ltr'><strong><em>οῦν</em></strong></span> <span class='ocrx_word' id='word_1_73' title='bbox 1299 1438 1447 1523; x_wconf 84' lang='grc' dir='ltr'><strong><em>δύναμαι</em></strong></span> <span class='ocrx_word' id='word_1_74' title='bbox 1473 1438 1534 1523; x_wconf 88' lang='grc' dir='ltr'><strong><em>τήν</em></strong></span> <span class='ocrx_word' id='word_1_75' title='bbox 1560 1436 1751 1523; x_wconf 78' lang='grc' dir='ltr'><strong><em>ἐπιθυμίαν</em></strong></span> <span class='ocrx_word' id='word_1_76' title='bbox 1777 1457 1841 1506; x_wconf 92' lang='grc' dir='ltr'><strong><em>σου</em></strong></span> 
     </span>
    </p>
   </div>
   <div class='ocr_carea' id='block_1_4' title="bbox 214 1551 1846 4322">
    <p class='ocr_par' dir='ltr' id='par_1_4' title="bbox 214 1551 1846 4322">
     <span class='ocr_line' id='line_1_8' title="bbox 253 1551 1841 1648; baseline -0.001 -22"><span class='ocrx_word' id='word_1_77' title='bbox 253 1558 451 1648; x_wconf 77' lang='grc' dir='ltr'><strong><em>πληρῶσαι,</em></strong></span> <span class='ocrx_word' id='word_1_78' title='bbox 486 1556 525 1644; x_wconf 80' lang='grc' dir='ltr'><strong><em>ήν</em></strong></span> <span class='ocrx_word' id='word_1_79' title='bbox 551 1555 624 1625; x_wconf 76' lang='grc' dir='ltr'><strong><em>ούδ’</em></strong></span> <span class='ocrx_word' id='word_1_80' title='bbox 662 1552 736 1633; x_wconf 80' lang='grc' dir='ltr'><strong><em>ῦλος</em></strong></span> <span class='ocrx_word' id='word_1_81' title='bbox 763 1551 782 1625; x_wconf 83' lang='grc' dir='ltr'>ὅ</span> <span class='ocrx_word' id='word_1_82' title='bbox 808 1560 931 1645; x_wconf 89' lang='grc' dir='ltr'><strong><em>κόσμος</em></strong></span> <span class='ocrx_word' id='word_1_83' title='bbox 957 1553 1135 1648; x_wconf 82' lang='grc' dir='ltr'><strong><em>ῦπηρετῦν</em></strong></span> <span class='ocrx_word' id='word_1_84' title='bbox 1163 1554 1314 1645; x_wconf 85' lang='grc' dir='ltr'><strong><em>ήδυνήθη</em></strong></span> <span class='ocrx_word' id='word_1_85' title='bbox 1345 1559 1535 1643; x_wconf 76' lang='grc' dir='ltr'><strong><em>βαστοίσαις</em></strong></span> <span class='ocrx_word' id='word_1_86' title='bbox 1568 1557 1628 1626; x_wconf 87' lang='grc' dir='ltr'><strong><em>υύκ</em></strong></span> <span class='ocrx_word' id='word_1_87' title='bbox 1655 1558 1750 1627; x_wconf 83' lang='grc' dir='ltr'><strong><em>ἔστιν</em></strong></span> <span class='ocrx_word' id='word_1_88' title='bbox 1775 1558 1841 1626; x_wconf 87' lang='grc' dir='ltr'><strong><em>ἀν-</em></strong></span> 
     </span>
     <span class='ocr_line' id='line_1_9' title="bbox 254 1675 1839 1775; baseline 0.002 -28"><span class='ocrx_word' id='word_1_89' title='bbox 254 1681 350 1769; x_wconf 85' lang='grc' dir='ltr'><strong><em>δρεία</em></strong></span> <span class='ocrx_word' id='word_1_90' title='bbox 377 1684 417 1747; x_wconf 83' lang='grc' dir='ltr'><strong><em>τύ</em></strong></span> <span class='ocrx_word' id='word_1_91' title='bbox 443 1679 617 1769; x_wconf 86' lang='grc' dir='ltr'><strong><em>φονεύειν·</em></strong></span> <span class='ocrx_word' id='word_1_92' title='bbox 642 1675 763 1764; x_wconf 82' lang='grc' dir='ltr'><strong><em>ἀνδρὸς</em></strong></span> <span class='ocrx_word' id='word_1_93' title='bbox 789 1679 916 1775; x_wconf 90' lang='grc' dir='ltr'><strong><em>λῃστοῦ</em></strong></span> <span class='ocrx_word' id='word_1_94' title='bbox 943 1683 993 1771; x_wconf 86' lang='grc' dir='ltr'><strong><em>(φ.</em></strong></span> <span class='ocrx_word' id='word_1_95' title='bbox 1014 1679 1152 1770; x_wconf 79' lang='grc' dir='ltr'><strong><em>ἄνδρας,</em></strong></span> <span class='ocrx_word' id='word_1_96' title='bbox 1176 1677 1301 1774; x_wconf 92' lang='grc' dir='ltr'><strong><em>λῃστοῦ</em></strong></span> <span class='ocrx_word' id='word_1_97' title='bbox 1320 1683 1384 1770; x_wconf 82' lang='grc' dir='ltr'><strong><em>γδρ</em></strong></span> <span class='ocrx_word' id='word_1_98' title='bbox 1410 1679 1509 1769; x_wconf 91' lang='grc' dir='ltr'><strong><em>ἔργον</em></strong></span> <span class='ocrx_word' id='word_1_99' title='bbox 1534 1677 1560 1747; x_wconf 78' lang='grc' dir='ltr'><strong><em>ἐ</em></strong></span> <span class='ocrx_word' id='word_1_100' title='bbox 1587 1682 1839 1773; x_wconf 78' lang='lat' dir='ltr'><strong>Pallad.p.15.)</strong></span> 
     </span>
     <span class='ocr_line' id='line_1_10' title="bbox 252 1797 1842 1892; baseline 0.001 -24"><span class='ocrx_word' id='word_1_101' title='bbox 252 1799 352 1892; x_wconf 81' lang='grc' dir='ltr'><strong><em>Ιἔργον</em></strong></span> <span class='ocrx_word' id='word_1_102' title='bbox 386 1801 487 1870; x_wconf 76' lang='grc' dir='ltr'><strong><em>ἐστίν.</em></strong></span> <span class='ocrx_word' id='word_1_103' title='bbox 549 1799 690 1889; x_wconf 87' lang='grc' dir='ltr'><strong><em>ἀνδρεία</em></strong></span> <span class='ocrx_word' id='word_1_104' title='bbox 720 1800 759 1867; x_wconf 84' lang='grc' dir='ltr'><strong><em>δέ</em></strong></span> <span class='ocrx_word' id='word_1_105' title='bbox 784 1797 858 1867; x_wconf 79' lang='grc' dir='ltr'><strong><em>ἐστι</em></strong></span> <span class='ocrx_word' id='word_1_106' title='bbox 890 1803 976 1891; x_wconf 78' lang='grc' dir='ltr'><strong><em>πρὸς</em></strong></span> <span class='ocrx_word' id='word_1_107' title='bbox 1013 1802 1143 1891; x_wconf 84' lang='grc' dir='ltr'><strong><em>τροπύς</em></strong></span> <span class='ocrx_word' id='word_1_108' title='bbox 1175 1797 1284 1888; x_wconf 82' lang='grc' dir='ltr'><strong><em>ἀέρων</em></strong></span> <span class='ocrx_word' id='word_1_109' title='bbox 1326 1803 1420 1891; x_wconf 83' lang='lat' dir='ltr'>(hine</span> <span class='ocrx_word' id='word_1_110' title='bbox 1453 1804 1632 1871; x_wconf 73' lang='lat' dir='ltr'>emendetur</span> <span class='ocrx_word' id='word_1_111' title='bbox 1664 1803 1842 1892; x_wconf 79' lang='lat' dir='ltr'>corruptela</span> 
     </span>
     <span class='ocr_line' id='line_1_11' title="bbox 251 1913 1841 2018; baseline 0 -30"><span class='ocrx_word' id='word_1_112' title='bbox 251 1921 386 1991; x_wconf 73' lang='lat' dir='ltr'><strong>Palladii</strong></span> <span class='ocrx_word' id='word_1_113' title='bbox 411 1945 439 2013; x_wconf 87' lang='lat' dir='ltr'><strong><em>p.</em></strong></span> <span class='ocrx_word' id='word_1_114' title='bbox 471 1927 526 1992; x_wconf 81' lang='lat'><strong><em>16.</em></strong></span> <span class='ocrx_word' id='word_1_115' title='bbox 561 1925 646 2013; x_wconf 82' lang='grc' dir='ltr'><strong><em>πρὸς</em></strong></span> <span class='ocrx_word' id='word_1_116' title='bbox 672 1922 712 1988; x_wconf 89' lang='grc' dir='ltr'><strong><em>τδ</em></strong></span> <span class='ocrx_word' id='word_1_117' title='bbox 737 1922 832 2018; x_wconf 87' lang='grc' dir='ltr'><strong><em>πύσῃ</em></strong></span> <span class='ocrx_word' id='word_1_118' title='bbox 855 1918 964 2012; x_wconf 85' lang='grc' dir='ltr'><strong><em>ἀέρων</em></strong></span> <span class='ocrx_word' id='word_1_119' title='bbox 989 1924 1110 2012; x_wconf 84' lang='grc' dir='ltr'><strong><em>κρύσει</em></strong></span> <span class='ocrx_word' id='word_1_120' title='bbox 1143 1923 1332 2008; x_wconf 82' lang='grc' dir='ltr'><strong><em>μάχεσθαι,</em></strong></span> <span class='ocrx_word' id='word_1_121' title='bbox 1365 1923 1417 1990; x_wconf 82' lang='lat' dir='ltr'><strong><em>ubi</em></strong></span> <span class='ocrx_word' id='word_1_122' title='bbox 1442 1924 1479 1991; x_wconf 89' lang='lat' dir='ltr'><strong><em>A.</em></strong></span> <span class='ocrx_word' id='word_1_123' title='bbox 1513 1922 1599 2010; x_wconf 84' lang='grc' dir='ltr'><strong><em>πρὸς</em></strong></span> <span class='ocrx_word' id='word_1_124' title='bbox 1626 1913 1744 2017; x_wconf 84' lang='grc' dir='ltr'><strong><em>ἀπύσῃ</em></strong></span> <span class='ocrx_word' id='word_1_125' title='bbox 1766 1946 1841 2004; x_wconf 90' lang='grc' dir='ltr'><strong><em>χει-</em></strong></span> 
     </span>
     <span class='ocr_line' id='line_1_12' title="bbox 254 2040 1842 2135; baseline -0.002 -26"><span class='ocrx_word' id='word_1_126' title='bbox 254 2040 322 2130; x_wconf 88' lang='grc' dir='ltr'><strong><em>ρῦν</em></strong></span> <span class='ocrx_word' id='word_1_127' title='bbox 356 2043 549 2135; x_wconf 79' lang='grc' dir='ltr'><strong><em>μάχεσθαι)</em></strong></span> <span class='ocrx_word' id='word_1_128' title='bbox 587 2047 761 2130; x_wconf 75' lang='grc' dir='ltr'><strong><em>μάχεσθαι</em></strong></span> <span class='ocrx_word' id='word_1_129' title='bbox 791 2043 907 2134; x_wconf 74' lang='grc' dir='ltr'><strong><em>γυμνῷ</em></strong></span> <span class='ocrx_word' id='word_1_130' title='bbox 936 2042 984 2135; x_wconf 72' lang='grc' dir='ltr'><strong><em>τῷ</em></strong></span> <span class='ocrx_word' id='word_1_131' title='bbox 1018 2045 1170 2135; x_wconf 85' lang='grc' dir='ltr'><strong><em>σύματι,</em></strong></span> <span class='ocrx_word' id='word_1_132' title='bbox 1210 2049 1266 2110; x_wconf 77' lang='grc' dir='ltr'><strong><em>καὶ</em></strong></span> <span class='ocrx_word' id='word_1_133' title='bbox 1300 2043 1444 2130; x_wconf 82' lang='grc' dir='ltr'><strong><em>γαστρὸς</em></strong></span> <span class='ocrx_word' id='word_1_134' title='bbox 1477 2045 1670 2126; x_wconf 71' lang='grc' dir='ltr'><strong><em>ἐπιθυμίαν</em></strong></span> <span class='ocrx_word' id='word_1_135' title='bbox 1705 2049 1842 2132; x_wconf 82' lang='grc' dir='ltr'><strong><em>κρατεῖν</em></strong></span> 
     </span>
     <span class='ocr_line' id='line_1_13' title="bbox 254 2160 1842 2254; baseline 0.001 -25"><span class='ocrx_word' id='word_1_136' title='bbox 254 2169 311 2230; x_wconf 81' lang='grc' dir='ltr'><strong><em>καὶ</em></strong></span> <span class='ocrx_word' id='word_1_137' title='bbox 336 2166 414 2242; x_wconf 85' lang='grc' dir='ltr'><strong><em>τοῦς</em></strong></span> <span class='ocrx_word' id='word_1_138' title='bbox 445 2163 543 2232; x_wconf 87' lang='grc' dir='ltr'><strong><em>ἔνδον</em></strong></span> <span class='ocrx_word' id='word_1_139' title='bbox 567 2166 734 2250; x_wconf 84' lang='grc' dir='ltr'><strong><em>πολέμους</em></strong></span> <span class='ocrx_word' id='word_1_140' title='bbox 762 2164 870 2233; x_wconf 85' lang='grc' dir='ltr'><strong><em>νικῦν.</em></strong></span> <span class='ocrx_word' id='word_1_141' title='bbox 932 2167 1071 2244; x_wconf 89' lang='grc' dir='ltr'><strong><em>τούτους</em></strong></span> <span class='ocrx_word' id='word_1_142' title='bbox 1106 2170 1243 2252; x_wconf 90' lang='grc' dir='ltr'><strong><em>νίκησον</em></strong></span> <span class='ocrx_word' id='word_1_143' title='bbox 1274 2161 1412 2254; x_wconf 77' lang='grc' dir='ltr'><strong><em>πρῶτον</em></strong></span> <span class='ocrx_word' id='word_1_144' title='bbox 1444 2168 1500 2229; x_wconf 77' lang='grc' dir='ltr'><strong><em>καὶ</em></strong></span> <span class='ocrx_word' id='word_1_145' title='bbox 1528 2160 1748 2246; x_wconf 81' lang='grc' dir='ltr'><strong><em>ἀπόκτεινον,</em></strong></span> <span class='ocrx_word' id='word_1_146' title='bbox 1787 2170 1842 2231; x_wconf 75' lang='grc' dir='ltr'><strong><em>καί</em></strong></span> 
     </span>
     <span class='ocr_line' id='line_1_14' title="bbox 254 2280 1842 2379; baseline -0.001 -28"><span class='ocrx_word' id='word_1_147' title='bbox 254 2282 294 2352; x_wconf 86' lang='grc' dir='ltr'><strong><em>ού</em></strong></span> <span class='ocrx_word' id='word_1_148' title='bbox 317 2291 414 2374; x_wconf 80' lang='grc' dir='ltr'><strong><em>χρεία</em></strong></span> <span class='ocrx_word' id='word_1_149' title='bbox 440 2293 500 2355; x_wconf 91' lang='grc' dir='ltr'><strong><em>σοί</em></strong></span> <span class='ocrx_word' id='word_1_150' title='bbox 523 2287 597 2355; x_wconf 84' lang='grc' dir='ltr'><strong><em>ἐστι</em></strong></span> <span class='ocrx_word' id='word_1_151' title='bbox 621 2289 707 2377; x_wconf 80' lang='grc' dir='ltr'><strong><em>πρὸς</em></strong></span> <span class='ocrx_word' id='word_1_152' title='bbox 731 2287 809 2362; x_wconf 86' lang='grc' dir='ltr'><strong><em>τούς</em></strong></span> <span class='ocrx_word' id='word_1_153' title='bbox 836 2286 900 2362; x_wconf 81' lang='grc' dir='ltr'><strong><em>ἔξω</em></strong></span> <span class='ocrx_word' id='word_1_154' title='bbox 925 2289 1108 2375; x_wconf 89' lang='grc' dir='ltr'><strong><em>μοίχεσθαι.</em></strong></span> <span class='ocrx_word' id='word_1_155' title='bbox 1157 2295 1227 2363; x_wconf 78' lang='grc' dir='ltr'><strong><em>τοῖς</em></strong></span> <span class='ocrx_word' id='word_1_156' title='bbox 1251 2289 1316 2376; x_wconf 84' lang='grc' dir='ltr'><strong><em>γδρ</em></strong></span> <span class='ocrx_word' id='word_1_157' title='bbox 1341 2284 1404 2364; x_wconf 83' lang='grc' dir='ltr'><strong><em>ἔξω</em></strong></span> <span class='ocrx_word' id='word_1_158' title='bbox 1427 2285 1531 2379; x_wconf 88' lang='grc' dir='ltr'><strong><em>μα’χῃ,</em></strong></span> <span class='ocrx_word' id='word_1_159' title='bbox 1563 2280 1621 2352; x_wconf 74' lang='grc' dir='ltr'><strong><em>ἵνα</em></strong></span> <span class='ocrx_word' id='word_1_160' title='bbox 1647 2293 1716 2361; x_wconf 79' lang='grc' dir='ltr'><strong><em>τοῖς</em></strong></span> <span class='ocrx_word' id='word_1_161' title='bbox 1743 2284 1842 2353; x_wconf 88' lang='grc' dir='ltr'><strong><em>ἔνδον</em></strong></span> 
     </span>
     <span class='ocr_line' id='line_1_15' title="bbox 253 2386 1842 2504; baseline 0 -32"><span class='ocrx_word' id='word_1_162' title='bbox 253 2403 436 2504; x_wconf 72' lang='grc' dir='ltr'><strong><em>ἀπενέγκῃς</em></strong></span> <span class='ocrx_word' id='word_1_163' title='bbox 462 2411 607 2500; x_wconf 84' lang='grc' dir='ltr'><strong><em>φόρους,</em></strong></span> <span class='ocrx_word' id='word_1_164' title='bbox 644 2413 700 2476; x_wconf 87' lang='grc' dir='ltr'><strong><em>καὶ</em></strong></span> <span class='ocrx_word' id='word_1_165' title='bbox 726 2386 804 2484; x_wconf 88' lang='grc' dir='ltr'><strong><em>τούς</em></strong></span> <span class='ocrx_word' id='word_1_166' title='bbox 831 2413 891 2493; x_wconf 77' lang='grc' dir='ltr'><strong><em>μὲν</em></strong></span> <span class='ocrx_word' id='word_1_167' title='bbox 915 2408 978 2484; x_wconf 82' lang='grc' dir='ltr'><strong><em>ἔξω</em></strong></span> <span class='ocrx_word' id='word_1_168' title='bbox 1005 2408 1120 2494; x_wconf 82' lang='grc' dir='ltr'><strong><em>νικηῖς,</em></strong></span> <span class='ocrx_word' id='word_1_169' title='bbox 1154 2402 1222 2476; x_wconf 83' lang='grc' dir='ltr'><strong><em>ῦπδ</em></strong></span> <span class='ocrx_word' id='word_1_170' title='bbox 1249 2410 1286 2475; x_wconf 79' lang='grc' dir='ltr'><strong><em>δὲ</em></strong></span> <span class='ocrx_word' id='word_1_171' title='bbox 1310 2405 1379 2474; x_wconf 83' lang='grc' dir='ltr'><strong><em>τῦν</em></strong></span> <span class='ocrx_word' id='word_1_172' title='bbox 1404 2404 1470 2473; x_wconf 88' lang='grc' dir='ltr'><strong><em>ἔσω</em></strong></span> <span class='ocrx_word' id='word_1_173' title='bbox 1493 2410 1675 2493; x_wconf 88' lang='grc' dir='ltr'><strong><em>νενίκησαι.</em></strong></span> <span class='ocrx_word' id='word_1_174' title='bbox 1737 2409 1842 2474; x_wconf 87' lang='grc' dir='ltr'><strong><em>πόσοι</em></strong></span> 
     </span>
     <span class='ocr_line' id='line_1_16' title="bbox 251 2527 1843 2621; baseline 0.001 -29"><span class='ocrx_word' id='word_1_175' title='bbox 251 2529 402 2610; x_wconf 69' lang='grc' dir='ltr'><strong><em>βασιλεῖς</em></strong></span> <span class='ocrx_word' id='word_1_176' title='bbox 429 2537 485 2596; x_wconf 77' lang='grc' dir='ltr'><strong><em>καὶ</em></strong></span> <span class='ocrx_word' id='word_1_177' title='bbox 509 2532 670 2616; x_wconf 90' lang='grc' dir='ltr'><strong><em>τύραννοι</em></strong></span> <span class='ocrx_word' id='word_1_178' title='bbox 695 2531 895 2597; x_wconf 87' lang='grc' dir='ltr'><strong><em>δουλεύουσι</em></strong></span> <span class='ocrx_word' id='word_1_179' title='bbox 920 2534 1187 2621; x_wconf 89' lang='grc' dir='ltr'><strong><em>τυραννούμενοι</em></strong></span> <span class='ocrx_word' id='word_1_180' title='bbox 1210 2531 1383 2603; x_wconf 83' lang='grc' dir='ltr'><strong><em>ποικίλαις</em></strong></span> <span class='ocrx_word' id='word_1_181' title='bbox 1408 2527 1628 2614; x_wconf 83' lang='grc' dir='ltr'><strong><em>ἐπιθυμίαις,</em></strong></span> <span class='ocrx_word' id='word_1_182' title='bbox 1661 2535 1717 2596; x_wconf 77' lang='grc' dir='ltr'><strong><em>καὶ</em></strong></span> <span class='ocrx_word' id='word_1_183' title='bbox 1742 2528 1843 2596; x_wconf 81' lang='grc' dir='ltr'><strong><em>πᾶσα</em></strong></span> 
     </span>
     <span class='ocr_line' id='line_1_17' title="bbox 255 2647 1846 2738; baseline 0.003 -25"><span class='ocrx_word' id='word_1_184' title='bbox 255 2647 292 2713; x_wconf 82' lang='grc' dir='ltr'><strong><em>δέ</em></strong></span> <span class='ocrx_word' id='word_1_185' title='bbox 316 2653 458 2736; x_wconf 79' lang='grc' dir='ltr'><strong><em>βροτεία</em></strong></span> <span class='ocrx_word' id='word_1_186' title='bbox 484 2653 586 2736; x_wconf 91' lang='grc' dir='ltr'><strong><em>φύσις</em></strong></span> <span class='ocrx_word' id='word_1_187' title='bbox 612 2652 670 2717; x_wconf 84' lang='grc' dir='ltr'><strong><em>διδ</em></strong></span> <span class='ocrx_word' id='word_1_188' title='bbox 696 2653 822 2726; x_wconf 87' lang='grc' dir='ltr'><strong><em>ταύτας</em></strong></span> <span class='ocrx_word' id='word_1_189' title='bbox 855 2654 1042 2738; x_wconf 86' lang='grc' dir='ltr'><strong><em>φονεύουσί</em></strong></span> <span class='ocrx_word' id='word_1_190' title='bbox 1073 2675 1110 2717; x_wconf 84' lang='grc' dir='ltr'><strong><em>τε</em></strong></span> <span class='ocrx_word' id='word_1_191' title='bbox 1140 2655 1195 2717; x_wconf 79' lang='grc' dir='ltr'><strong><em>καὶ</em></strong></span> <span class='ocrx_word' id='word_1_192' title='bbox 1225 2651 1437 2736; x_wconf 87' lang='grc' dir='ltr'><strong><em>φονεύονται.</em></strong></span> <span class='ocrx_word' id='word_1_193' title='bbox 1497 2649 1698 2738; x_wconf 78' lang='grc' dir='ltr'><strong><em>Βραχμᾶνες</em></strong></span> <span class='ocrx_word' id='word_1_194' title='bbox 1723 2650 1760 2716; x_wconf 82' lang='grc' dir='ltr'><strong><em>δέ</em></strong></span> <span class='ocrx_word' id='word_1_195' title='bbox 1790 2675 1846 2717; x_wconf 85' lang='grc' dir='ltr'><strong><em>νι-</em></strong></span> 
     </span>
     <span class='ocr_line' id='line_1_18' title="bbox 254 2763 1843 2860; baseline 0.003 -26"><span class='ocrx_word' id='word_1_196' title='bbox 254 2769 414 2855; x_wconf 88' lang='grc' dir='ltr'><strong><em>κήσαντες</em></strong></span> <span class='ocrx_word' id='word_1_197' title='bbox 439 2774 517 2847; x_wconf 90' lang='grc' dir='ltr'><strong><em>τούς</em></strong></span> <span class='ocrx_word' id='word_1_198' title='bbox 547 2770 681 2840; x_wconf 87' lang='grc' dir='ltr'><strong><em>ἔσωθεν</em></strong></span> <span class='ocrx_word' id='word_1_199' title='bbox 706 2773 874 2858; x_wconf 76' lang='grc' dir='ltr'><strong><em>πολέμους</em></strong></span> <span class='ocrx_word' id='word_1_200' title='bbox 906 2773 1029 2839; x_wconf 79' lang='grc' dir='ltr'><strong><em>λοιπὸν</em></strong></span> <span class='ocrx_word' id='word_1_201' title='bbox 1056 2763 1324 2860; x_wconf 76' lang='grc' dir='ltr'><strong><em>ἀνεήήαίσθησαν</em></strong></span> <span class='ocrx_word' id='word_1_202' title='bbox 1351 2775 1406 2838; x_wconf 81' lang='grc' dir='ltr'><strong><em>καὶ</em></strong></span> <span class='ocrx_word' id='word_1_203' title='bbox 1442 2767 1687 2839; x_wconf 88' lang='grc' dir='ltr'><strong><em>ἀναπαύονται.</em></strong></span> <span class='ocrx_word' id='word_1_204' title='bbox 1748 2765 1843 2853; x_wconf 80' lang='grc' dir='ltr'><strong><em>κάγύ</em></strong></span> 
     </span>
     <span class='ocr_line' id='line_1_19' title="bbox 252 2887 1843 2985; baseline 0.001 -29"><span class='ocrx_word' id='word_1_205' title='bbox 252 2892 317 2977; x_wconf 82' lang='grc' dir='ltr'><strong><em>γὰρ</em></strong></span> <span class='ocrx_word' id='word_1_206' title='bbox 343 2887 440 2958; x_wconf 82' lang='grc' dir='ltr'><strong><em>ούδὲν</em></strong></span> <span class='ocrx_word' id='word_1_207' title='bbox 464 2891 646 2979; x_wconf 78' lang='grc' dir='ltr'><strong><em>ἐπιθυμῶν</em></strong></span> <span class='ocrx_word' id='word_1_208' title='bbox 672 2891 786 2960; x_wconf 79' lang='grc' dir='ltr'><strong><em>κακοῦν</em></strong></span> <span class='ocrx_word' id='word_1_209' title='bbox 812 2892 1009 2985; x_wconf 75' lang='grc' dir='ltr'><strong><em>ἀνθρώπων</em></strong></span> <span class='ocrx_word' id='word_1_210' title='bbox 1035 2889 1094 2960; x_wconf 86' lang='grc' dir='ltr'><strong><em>ούκ</em></strong></span> <span class='ocrx_word' id='word_1_211' title='bbox 1120 2889 1250 2974; x_wconf 85' lang='grc' dir='ltr'><strong><em>ἀκούω,</em></strong></span> <span class='ocrx_word' id='word_1_212' title='bbox 1283 2898 1363 2981; x_wconf 81' lang='grc' dir='ltr'><strong><em>περὶ</em></strong></span> <span class='ocrx_word' id='word_1_213' title='bbox 1387 2892 1550 2981; x_wconf 79' lang='grc' dir='ltr'><strong><em>βρύματα</em></strong></span> <span class='ocrx_word' id='word_1_214' title='bbox 1582 2897 1637 2958; x_wconf 85' lang='grc' dir='ltr'><strong><em>καὶ</em></strong></span> <span class='ocrx_word' id='word_1_215' title='bbox 1661 2889 1752 2960; x_wconf 82' lang='grc' dir='ltr'><strong><em>οἶνον</em></strong></span> <span class='ocrx_word' id='word_1_216' title='bbox 1780 2891 1843 2959; x_wconf 83' lang='grc' dir='ltr'><strong><em>ούκ</em></strong></span> 
     </span>
     <span class='ocr_line' id='line_1_20' title="bbox 252 3007 1843 3104; baseline 0.002 -28"><span class='ocrx_word' id='word_1_217' title='bbox 252 3007 480 3094; x_wconf 89' lang='grc' dir='ltr'><strong><em>ἀσχολοῦμαι,</em></strong></span> <span class='ocrx_word' id='word_1_218' title='bbox 506 3011 577 3079; x_wconf 78' lang='grc' dir='ltr'><strong><em>ἀλλ’</em></strong></span> <span class='ocrx_word' id='word_1_219' title='bbox 599 3013 694 3080; x_wconf 82' lang='grc' dir='ltr'><strong><em>ἔστιν</em></strong></span> <span class='ocrx_word' id='word_1_220' title='bbox 719 3009 739 3081; x_wconf 83' lang='grc' dir='ltr'><strong><em>δ</em></strong></span> <span class='ocrx_word' id='word_1_221' title='bbox 765 3013 907 3104; x_wconf 85' lang='grc' dir='ltr'><strong><em>ούρανύς</em></strong></span> <span class='ocrx_word' id='word_1_222' title='bbox 921 3041 989 3102; x_wconf 85' lang='grc' dir='ltr'><strong><em>,μοι</em></strong></span> <span class='ocrx_word' id='word_1_223' title='bbox 1012 3019 1131 3099; x_wconf 85' lang='grc' dir='ltr'><strong><em>στέγη,</em></strong></span> <span class='ocrx_word' id='word_1_224' title='bbox 1163 3013 1205 3101; x_wconf 81' lang='grc' dir='ltr'><strong><em>γή</em></strong></span> <span class='ocrx_word' id='word_1_225' title='bbox 1229 3014 1268 3082; x_wconf 88' lang='grc' dir='ltr'><strong><em>δέ</em></strong></span> <span class='ocrx_word' id='word_1_226' title='bbox 1286 3040 1346 3099; x_wconf 90' lang='grc' dir='ltr'><strong><em>μοι</em></strong></span> <span class='ocrx_word' id='word_1_227' title='bbox 1372 3013 1471 3081; x_wconf 86' lang='grc' dir='ltr'><strong><em>πῦσα</em></strong></span> <span class='ocrx_word' id='word_1_228' title='bbox 1496 3012 1655 3102; x_wconf 85' lang='grc' dir='ltr'><strong><em>στρῦμα,</em></strong></span> <span class='ocrx_word' id='word_1_229' title='bbox 1691 3021 1843 3099; x_wconf 77' lang='grc' dir='ltr'><strong><em>ποταμοὶ</em></strong></span> 
     </span>
     <span class='ocr_line' id='line_1_21' title="bbox 252 3125 1843 3223; baseline 0.003 -28"><span class='ocrx_word' id='word_1_230' title='bbox 252 3130 425 3212; x_wconf 85' lang='grc' dir='ltr'><strong><em>διοίκονοι,</em></strong></span> <span class='ocrx_word' id='word_1_231' title='bbox 461 3125 542 3200; x_wconf 87' lang='grc' dir='ltr'><strong><em>ύλαι</em></strong></span> <span class='ocrx_word' id='word_1_232' title='bbox 570 3135 730 3222; x_wconf 86' lang='grc' dir='ltr'><strong><em>τροίπεζα.</em></strong></span> <span class='ocrx_word' id='word_1_233' title='bbox 793 3134 852 3203; x_wconf 86' lang='grc' dir='ltr'><strong><em>ούκ</em></strong></span> <span class='ocrx_word' id='word_1_234' title='bbox 885 3137 992 3203; x_wconf 89' lang='grc' dir='ltr'><strong><em>ἐσθίω</em></strong></span> <span class='ocrx_word' id='word_1_235' title='bbox 1029 3137 1157 3223; x_wconf 87' lang='grc' dir='ltr'><strong><em>σύρκας</em></strong></span> <span class='ocrx_word' id='word_1_236' title='bbox 1193 3127 1236 3208; x_wconf 79' lang='grc' dir='ltr'><strong><em>ἀς</em></strong></span> <span class='ocrx_word' id='word_1_237' title='bbox 1262 3136 1365 3216; x_wconf 90' lang='grc' dir='ltr'><strong><em>λέων,</em></strong></span> <span class='ocrx_word' id='word_1_238' title='bbox 1407 3133 1484 3202; x_wconf 79' lang='grc' dir='ltr'><strong><em>ούδέ</em></strong></span> <span class='ocrx_word' id='word_1_239' title='bbox 1517 3137 1664 3222; x_wconf 82' lang='grc' dir='ltr'><strong><em>σήπεται</em></strong></span> <span class='ocrx_word' id='word_1_240' title='bbox 1697 3134 1733 3201; x_wconf 78' lang='grc' dir='ltr'><strong><em>ἐν</em></strong></span> <span class='ocrx_word' id='word_1_241' title='bbox 1766 3134 1843 3219; x_wconf 80' lang='grc' dir='ltr'><strong><em>ἐμοὶ</em></strong></span> 
     </span>
     <span class='ocr_line' id='line_1_22' title="bbox 254 3249 1841 3344; baseline 0.002 -25"><span class='ocrx_word' id='word_1_242' title='bbox 254 3249 339 3341; x_wconf 78' lang='grc' dir='ltr'><strong><em>ζηῖα,</em></strong></span> <span class='ocrx_word' id='word_1_243' title='bbox 365 3251 405 3321; x_wconf 86' lang='grc' dir='ltr'><strong><em>ού</em></strong></span> <span class='ocrx_word' id='word_1_244' title='bbox 429 3259 568 3340; x_wconf 89' lang='grc' dir='ltr'><strong><em>γίνομαι</em></strong></span> <span class='ocrx_word' id='word_1_245' title='bbox 591 3257 699 3343; x_wconf 84' lang='grc' dir='ltr'><strong><em>τάφος</em></strong></span> <span class='ocrx_word' id='word_1_246' title='bbox 723 3254 860 3344; x_wconf 83' lang='grc' dir='ltr'><strong><em>νεκρῦν.</em></strong></span> <span class='ocrx_word' id='word_1_247' title='bbox 916 3259 963 3324; x_wconf 82' lang='grc' dir='ltr'><strong><em>Σύ</em></strong></span> <span class='ocrx_word' id='word_1_248' title='bbox 991 3255 1028 3322; x_wconf 76' lang='grc' dir='ltr'><strong><em>δὲ</em></strong></span> <span class='ocrx_word' id='word_1_249' title='bbox 1051 3255 1174 3342; x_wconf 78' lang='grc' dir='ltr'><strong><em>ζητεῖς,</em></strong></span> <span class='ocrx_word' id='word_1_250' title='bbox 1205 3255 1241 3319; x_wconf 88' lang='grc' dir='ltr'><strong><em>τί</em></strong></span> <span class='ocrx_word' id='word_1_251' title='bbox 1265 3251 1343 3320; x_wconf 65' lang='lat' dir='ltr'><strong><em>olea</em></strong></span> <span class='ocrx_word' id='word_1_252' title='bbox 1367 3253 1430 3334; x_wconf 78' lang='grc' dir='ltr'><strong><em>ἐγώ</em></strong></span> <span class='ocrx_word' id='word_1_253' title='bbox 1459 3256 1577 3340; x_wconf 89' lang='grc' dir='ltr'><strong><em>σοφύν.</em></strong></span> <span class='ocrx_word' id='word_1_254' title='bbox 1636 3257 1771 3338; x_wconf 74' lang='grc' dir='ltr'><strong><em>βλέπεις</em></strong></span> <span class='ocrx_word' id='word_1_255' title='bbox 1799 3281 1841 3340; x_wconf 85' lang='grc' dir='ltr'><strong><em>με</em></strong></span> 
     </span>
     <span class='ocr_line' id='line_1_23' title="bbox 252 3369 1840 3464; baseline 0.002 -23"><span class='ocrx_word' id='word_1_256' title='bbox 252 3377 378 3460; x_wconf 84' lang='grc' dir='ltr'><strong><em>γυμνὸν</em></strong></span> <span class='ocrx_word' id='word_1_257' title='bbox 403 3369 446 3451; x_wconf 76' lang='grc' dir='ltr'><strong><em>ῦς</em></strong></span> <span class='ocrx_word' id='word_1_258' title='bbox 474 3383 611 3459; x_wconf 86' lang='grc' dir='ltr'><strong><em>γέγονα,</em></strong></span> <span class='ocrx_word' id='word_1_259' title='bbox 639 3381 696 3444; x_wconf 79' lang='grc' dir='ltr'><strong><em>καί</em></strong></span> <span class='ocrx_word' id='word_1_260' title='bbox 718 3377 763 3455; x_wconf 85' lang='grc' dir='ltr'><strong><em>ζῦ</em></strong></span> <span class='ocrx_word' id='word_1_261' title='bbox 789 3371 831 3454; x_wconf 77' lang='grc' dir='ltr'><strong><em>ὥς</em></strong></span> <span class='ocrx_word' id='word_1_262' title='bbox 855 3377 1004 3462; x_wconf 86' lang='grc' dir='ltr'><strong><em>ἐτέχθην.</em></strong></span> <span class='ocrx_word' id='word_1_263' title='bbox 1051 3373 1153 3443; x_wconf 87' lang='grc' dir='ltr'><strong><em>τοῦτο</em></strong></span> <span class='ocrx_word' id='word_1_264' title='bbox 1178 3371 1259 3464; x_wconf 82' lang='grc' dir='ltr'><strong><em>παρ’</em></strong></span> <span class='ocrx_word' id='word_1_265' title='bbox 1284 3372 1367 3458; x_wconf 87' lang='grc' dir='ltr'><strong><em>ἐμοῦ</em></strong></span> <span class='ocrx_word' id='word_1_266' title='bbox 1391 3376 1515 3463; x_wconf 90' lang='grc' dir='ltr'><strong><em>συφύν·</em></strong></span> <span class='ocrx_word' id='word_1_267' title='bbox 1550 3375 1652 3464; x_wconf 79' lang='grc' dir='ltr'><strong><em>μηδὲν</em></strong></span> <span class='ocrx_word' id='word_1_268' title='bbox 1675 3379 1757 3442; x_wconf 82' lang='grc' dir='ltr'><strong><em>θέλε</em></strong></span> <span class='ocrx_word' id='word_1_269' title='bbox 1784 3383 1840 3444; x_wconf 75' lang='grc' dir='ltr'><strong><em>καὶ</em></strong></span> 
     </span>
     <span class='ocr_line' id='line_1_24' title="bbox 251 3493 1840 3590; baseline 0.003 -28"><span class='ocrx_word' id='word_1_270' title='bbox 251 3495 366 3563; x_wconf 85' lang='grc' dir='ltr'><strong><em>πάντα</em></strong></span> <span class='ocrx_word' id='word_1_271' title='bbox 391 3493 518 3585; x_wconf 90' lang='grc' dir='ltr'><strong><em>ἔστησα</em></strong></span> <span class='ocrx_word' id='word_1_272' title='bbox 551 3501 595 3590; x_wconf 88' lang='grc' dir='ltr'><strong><em>(Ι.</em></strong></span> <span class='ocrx_word' id='word_1_273' title='bbox 621 3497 692 3566; x_wconf 80' lang='grc' dir='ltr'><strong><em>ἐστὶ</em></strong></span> <span class='ocrx_word' id='word_1_274' title='bbox 716 3500 805 3587; x_wconf 76' lang='grc' dir='ltr'><strong><em>σοί),</em></strong></span> <span class='ocrx_word' id='word_1_275' title='bbox 839 3504 895 3566; x_wconf 78' lang='grc' dir='ltr'><strong><em>καὶ</em></strong></span> <span class='ocrx_word' id='word_1_276' title='bbox 921 3497 1056 3574; x_wconf 86' lang='grc' dir='ltr'><strong><em>ούδενδς</em></strong></span> <span class='ocrx_word' id='word_1_277' title='bbox 1081 3498 1202 3584; x_wconf 84' lang='grc' dir='ltr'><strong><em>δεήσει.</em></strong></span> <span class='ocrx_word' id='word_1_278' title='bbox 1258 3495 1429 3582; x_wconf 82' lang='grc' dir='ltr'><strong><em>ἐπιθυμία</em></strong></span> <span class='ocrx_word' id='word_1_279' title='bbox 1453 3500 1518 3587; x_wconf 86' lang='grc' dir='ltr'><strong><em>γάρ</em></strong></span> <span class='ocrx_word' id='word_1_280' title='bbox 1543 3498 1648 3588; x_wconf 88' lang='grc' dir='ltr'><strong><em>μήτηρ</em></strong></span> <span class='ocrx_word' id='word_1_281' title='bbox 1673 3497 1745 3564; x_wconf 81' lang='grc' dir='ltr'><strong><em>ἐστὶ</em></strong></span> <span class='ocrx_word' id='word_1_282' title='bbox 1769 3523 1840 3567; x_wconf 88' lang='grc' dir='ltr'><strong><em>πε-</em></strong></span> 
     </span>
     <span class='ocr_line' id='line_1_25' title="bbox 252 3618 1839 3712; baseline 0.004 -29"><span class='ocrx_word' id='word_1_283' title='bbox 252 3621 345 3699; x_wconf 89' lang='grc' dir='ltr'><strong><em>νίας,</em></strong></span> <span class='ocrx_word' id='word_1_284' title='bbox 378 3618 471 3709; x_wconf 76' lang='grc' dir='ltr'><strong><em>κακηῦ</em></strong></span> <span class='ocrx_word' id='word_1_285' title='bbox 494 3626 754 3711; x_wconf 83' lang='grc' dir='ltr'><strong><em>θεραπευομένη</em></strong></span> <span class='ocrx_word' id='word_1_286' title='bbox 778 3623 956 3712; x_wconf 80' lang='grc' dir='ltr'><strong><em>φαρμοίκφ.</em></strong></span> <span class='ocrx_word' id='word_1_287' title='bbox 1015 3623 1174 3689; x_wconf 76' lang='grc' dir='ltr'><strong><em>λυπεῖται</em></strong></span> <span class='ocrx_word' id='word_1_288' title='bbox 1198 3619 1263 3707; x_wconf 87' lang='grc' dir='ltr'><strong><em>γδρ</em></strong></span> <span class='ocrx_word' id='word_1_289' title='bbox 1282 3619 1419 3705; x_wconf 85' lang='grc' dir='ltr'><strong><em>μηδέπω</em></strong></span> <span class='ocrx_word' id='word_1_290' title='bbox 1454 3622 1547 3704; x_wconf 81' lang='lat' dir='ltr'><strong>(hinc</strong></span> <span class='ocrx_word' id='word_1_291' title='bbox 1572 3622 1742 3709; x_wconf 72' lang='lat' dir='ltr'>refragatur</span> <span class='ocrx_word' id='word_1_292' title='bbox 1765 3621 1839 3692; x_wconf 81' lang='lat' dir='ltr'><strong>Pal-</strong></span> 
     </span>
     <span class='ocr_line' id='line_1_26' title="bbox 250 3733 1838 3840; baseline 0.001 -33"><span class='ocrx_word' id='word_1_293' title='bbox 250 3740 314 3808; x_wconf 80' lang='lat' dir='ltr'>rad.</span> <span class='ocrx_word' id='word_1_294' title='bbox 340 3763 368 3831; x_wconf 84' lang='lat' dir='ltr'><strong><em>p.</em></strong></span> <span class='ocrx_word' id='word_1_295' title='bbox 394 3743 450 3809; x_wconf 75' lang='lat'><strong><em>28.</em></strong></span> <span class='ocrx_word' id='word_1_296' title='bbox 476 3747 542 3812; x_wconf 84' lang='lat' dir='ltr'>sive</span> <span class='ocrx_word' id='word_1_297' title='bbox 573 3746 651 3811; x_wconf 86' lang='lat'>112.</span> <span class='ocrx_word' id='word_1_298' title='bbox 685 3769 713 3810; x_wconf 90' lang='grc' dir='ltr'><strong><em>κ.</em></strong></span> <span class='ocrx_word' id='word_1_299' title='bbox 745 3746 913 3833; x_wconf 79' lang='grc' dir='ltr'><strong><em>φαρμάκῳ</em></strong></span> <span class='ocrx_word' id='word_1_300' title='bbox 936 3749 1011 3832; x_wconf 87' lang='grc' dir='ltr'><strong><em>θερ.</em></strong></span> <span class='ocrx_word' id='word_1_301' title='bbox 1037 3744 1146 3840; x_wconf 89' lang='grc' dir='ltr'><strong><em>λύπη,</em></strong></span> <span class='ocrx_word' id='word_1_302' title='bbox 1183 3740 1351 3821; x_wconf 87' lang='grc' dir='ltr'><strong><em>μηδέποτε</em></strong></span> <span class='ocrx_word' id='word_1_303' title='bbox 1376 3733 1466 3830; x_wconf 84' lang='grc' dir='ltr'><strong><em>εῦρ.)</em></strong></span> <span class='ocrx_word' id='word_1_304' title='bbox 1504 3733 1710 3830; x_wconf 86' lang='grc' dir='ltr'><strong><em>εῦρίσκουσα</em></strong></span> <span class='ocrx_word' id='word_1_305' title='bbox 1734 3739 1755 3808; x_wconf 83' lang='grc' dir='ltr'><em>ὃ</em></span> <span class='ocrx_word' id='word_1_306' title='bbox 1779 3743 1838 3818; x_wconf 86' lang='grc' dir='ltr'><strong><em>ζ-</em></strong></span> 
     </span>
     <span class='ocr_line' id='line_1_27' title="bbox 253 3860 1838 3958; baseline 0.004 -34"><span class='ocrx_word' id='word_1_307' title='bbox 253 3867 320 3940; x_wconf 80' lang='grc' dir='ltr'><strong><em>τεῖ,</em></strong></span> <span class='ocrx_word' id='word_1_308' title='bbox 356 3860 438 3947; x_wconf 78' lang='grc' dir='ltr'><strong><em>μηδὲ</em></strong></span> <span class='ocrx_word' id='word_1_309' title='bbox 464 3860 706 3952; x_wconf 88' lang='grc' dir='ltr'><strong><em>ἀναπαυομένη</em></strong></span> <span class='ocrx_word' id='word_1_310' title='bbox 737 3863 789 3952; x_wconf 76' lang='grc' dir='ltr'><strong><em>ἐφ’</em></strong></span> <span class='ocrx_word' id='word_1_311' title='bbox 814 3863 863 3940; x_wconf 82' lang='grc' dir='ltr'><strong><em>ολς</em></strong></span> <span class='ocrx_word' id='word_1_312' title='bbox 895 3863 981 3948; x_wconf 83' lang='grc' dir='ltr'><strong><em>ἔχει,</em></strong></span> <span class='ocrx_word' id='word_1_313' title='bbox 1015 3860 1103 3930; x_wconf 83' lang='grc' dir='ltr'><strong><em>ἀλλά</em></strong></span> <span class='ocrx_word' id='word_1_314' title='bbox 1128 3861 1373 3952; x_wconf 72' lang='grc' dir='ltr'><strong><em>βασανιζομένη</em></strong></span> <span class='ocrx_word' id='word_1_315' title='bbox 1399 3861 1481 3958; x_wconf 78' lang='grc' dir='ltr'><strong><em>[ἐφ’]</em></strong></span> <span class='ocrx_word' id='word_1_316' title='bbox 1518 3860 1566 3939; x_wconf 82' lang='grc' dir='ltr'><strong><em>οές</em></strong></span> <span class='ocrx_word' id='word_1_317' title='bbox 1601 3861 1640 3930; x_wconf 86' lang='grc' dir='ltr'><strong><em>ού</em></strong></span> <span class='ocrx_word' id='word_1_318' title='bbox 1675 3867 1838 3950; x_wconf 85' lang='grc' dir='ltr'><strong><em>κέκτηται.</em></strong></span> 
     </span>
     <span class='ocr_line' id='line_1_28' title="bbox 214 3967 1836 4082; baseline 0.004 -36"><span class='ocrx_word' id='word_1_319' title='bbox 214 3967 220 3978; x_wconf 71' lang='grc'><strong>’</strong></span> <span class='ocrx_word' id='word_1_320' title='bbox 251 3981 451 4067; x_wconf 73' lang='grc' dir='ltr'><strong><em>πλουτήσεις</em></strong></span> <span class='ocrx_word' id='word_1_321' title='bbox 477 3986 514 4054; x_wconf 82' lang='grc' dir='ltr'><strong><em>δέ</em></strong></span> <span class='ocrx_word' id='word_1_322' title='bbox 543 3979 644 4070; x_wconf 84' lang='grc' dir='ltr'><strong><em>ήύέως</em></strong></span> <span class='ocrx_word' id='word_1_323' title='bbox 672 3979 714 4062; x_wconf 79' lang='grc' dir='ltr'><strong><em>ῦς</em></strong></span> <span class='ocrx_word' id='word_1_324' title='bbox 740 3985 822 4068; x_wconf 83' lang='grc' dir='ltr'><strong><em>ἐγύ,</em></strong></span> <span class='ocrx_word' id='word_1_325' title='bbox 861 3986 921 4058; x_wconf 81' lang='grc' dir='ltr'><strong><em>ἐιίν</em></strong></span> <span class='ocrx_word' id='word_1_326' title='bbox 951 4011 1011 4070; x_wconf 89' lang='grc' dir='ltr'><strong><em>μοι</em></strong></span> <span class='ocrx_word' id='word_1_327' title='bbox 1037 3990 1214 4082; x_wconf 86' lang='grc' dir='ltr'><strong><em>προςέχῃς,</em></strong></span> <span class='ocrx_word' id='word_1_328' title='bbox 1247 3991 1302 4053; x_wconf 84' lang='grc' dir='ltr'><strong><em>καὶ</em></strong></span> <span class='ocrx_word' id='word_1_329' title='bbox 1326 3986 1386 4053; x_wconf 84' lang='grc' dir='ltr'><strong><em>ἐύν</em></strong></span> <span class='ocrx_word' id='word_1_330' title='bbox 1410 3983 1556 4081; x_wconf 88' lang='grc' dir='ltr'><strong><em>ἀκούσῃς</em></strong></span> <span class='ocrx_word' id='word_1_331' title='bbox 1590 4007 1655 4069; x_wconf 92' lang='grc' dir='ltr'><strong><em>μου</em></strong></span> <span class='ocrx_word' id='word_1_332' title='bbox 1680 3981 1749 4051; x_wconf 77' lang='grc' dir='ltr'><strong><em>τῶν</em></strong></span> <span class='ocrx_word' id='word_1_333' title='bbox 1774 3983 1836 4052; x_wconf 86' lang='grc' dir='ltr'><strong><em>λύ-</em></strong></span> 
     </span>
     <span class='ocr_line' id='line_1_29' title="bbox 252 4104 963 4201; baseline 0.008 -33"><span class='ocrx_word' id='word_1_334' title='bbox 252 4125 338 4186; x_wconf 85' lang='grc' dir='ltr'><strong><em>γων,</em></strong></span> <span class='ocrx_word' id='word_1_335' title='bbox 362 4107 463 4201; x_wconf 88' lang='grc' dir='ltr'><strong><em>κτήσῃ</em></strong></span> <span class='ocrx_word' id='word_1_336' title='bbox 489 4104 579 4191; x_wconf 79' lang='grc' dir='ltr'><strong><em>ἐμοῦν</em></strong></span> <span class='ocrx_word' id='word_1_337' title='bbox 602 4104 754 4188; x_wconf 74' lang='grc' dir='ltr'><strong><em>ἀγαθοῖν.</em></strong></span> <span class='ocrx_word' id='word_1_338' title='bbox 823 4117 829 4132; x_wconf 93' lang='grc'><em>’</em></span> <span class='ocrx_word' id='word_1_339' title='bbox 959 4111 963 4121; x_wconf 86' lang='grc'><strong>“</strong></span> 
     </span>
     <span class='ocr_line' id='line_1_30' title="bbox 352 4225 1570 4322; baseline 0 -28"><span class='ocrx_word' id='word_1_340' title='bbox 352 4225 416 4295; x_wconf 87' lang='lat' dir='ltr'><strong><em>Sed</em></strong></span> <span class='ocrx_word' id='word_1_341' title='bbox 440 4229 549 4297; x_wconf 86' lang='lat' dir='ltr'>hercle</span> <span class='ocrx_word' id='word_1_342' title='bbox 572 4231 789 4299; x_wconf 79' lang='lat' dir='ltr'>benefactum</span> <span class='ocrx_word' id='word_1_343' title='bbox 814 4234 898 4322; x_wconf 88' lang='lat' dir='ltr'><strong>quod</strong></span> <span class='ocrx_word' id='word_1_344' title='bbox 924 4237 957 4301; x_wconf 85' lang='lat' dir='ltr'><strong><em>in</em></strong></span> <span class='ocrx_word' id='word_1_345' title='bbox 983 4233 1032 4300; x_wconf 88' lang='lat' dir='ltr'><strong><em>his</em></strong></span> <span class='ocrx_word' id='word_1_346' title='bbox 1058 4249 1167 4298; x_wconf 82' lang='lat' dir='ltr'><strong>manus</strong></span> <span class='ocrx_word' id='word_1_347' title='bbox 1193 4232 1402 4321; x_wconf 79' lang='lat' dir='ltr'>epitomatoris</span> <span class='ocrx_word' id='word_1_348' title='bbox 1428 4229 1570 4298; x_wconf 70' lang='lat' dir='ltr'>substitit.</span> 
     </span>
    </p>
   </div>
   <div class='ocr_carea' id='block_1_5' title="bbox 904 4501 1185 4526">
    <p class='ocr_par' dir='ltr' id='par_1_5' title="bbox 904 4501 1185 4526">
     <span class='ocr_line' id='line_1_31' title="bbox 904 4501 1185 4526; baseline 0.011 -7"><span class='ocrx_word' id='word_1_349' title='bbox 904 4501 1185 4526; x_wconf 47' lang='grc' dir='ltr'><strong><em>...μη-ι...»-</em></strong></span> 
     </span>
    </p>
   </div>
   <div class='ocr_carea' id='block_1_6' title="bbox 0 0 2070 5642">
    <p class='ocr_par' dir='ltr' id='par_1_6' title="bbox 0 0 2070 5642">
     <span class='ocr_line' id='line_1_32' title="bbox 0 0 2070 5642; baseline 0 1"><span class='ocrx_word' id='word_1_350' title='bbox 0 0 2070 5642; x_wconf 95' lang='lat' dir='ltr'><strong><em> </em></strong></span> 
     </span>
    </p>
   </div>
  </div>
 </body>
</html>
