<?xml version="1.0" encoding="UTF-8"?>
<!DOCTYPE html PUBLIC "-//W3C//DTD XHTML 1.0 Transitional//EN"
    "http://www.w3.org/TR/xhtml1/DTD/xhtml1-transitional.dtd">
<html xmlns="http://www.w3.org/1999/xhtml" xml:lang="en" lang="en">
 <head>
  <title>
</title>
<meta http-equiv="Content-Type" content="text/html;charset=utf-8" />
  <meta name='ocr-system' content='tesseract 3.04.00' />
  <meta name='ocr-capabilities' content='ocr_page ocr_carea ocr_par ocr_line ocrx_word'/>
</head>
<body>
  <div class='ocr_page' id='page_1' title='image "analectaingeogr00berngoog_0057.png"; bbox 0 0 4130 5642; ppageno 0'>
   <div class='ocr_carea' id='block_1_1' title="bbox 1013 623 1063 708">
    <p class='ocr_par' dir='ltr' id='par_1_1' title="bbox 1013 623 1063 708">
     <span class='ocr_line' id='line_1_1' title="bbox 1013 623 1063 708; baseline 0.08 -4"><span class='ocrx_word' id='word_1_1' title='bbox 1013 623 1063 708; x_wconf 84' lang='lat'><strong>5⁰</strong></span> 
     </span>
    </p>
   </div>
   <div class='ocr_carea' id='block_1_2' title="bbox 290 858 1842 1548">
    <p class='ocr_par' dir='ltr' id='par_1_2' title="bbox 295 858 1838 950">
     <span class='ocr_line' id='line_1_2' title="bbox 295 858 1838 950; baseline 0.001 -22"><span class='ocrx_word' id='word_1_2' title='bbox 295 881 383 929; x_wconf 90' lang='lat' dir='ltr'><strong>suam</strong></span> <span class='ocrx_word' id='word_1_3' title='bbox 411 860 584 950; x_wconf 89' lang='lat' dir='ltr'><strong>perspicuo,</strong></span> <span class='ocrx_word' id='word_1_4' title='bbox 610 858 685 926; x_wconf 90' lang='lat' dir='ltr'><strong>licet</strong></span> <span class='ocrx_word' id='word_1_5' title='bbox 708 879 771 926; x_wconf 91' lang='lat' dir='ltr'><strong>nou</strong></span> <span class='ocrx_word' id='word_1_6' title='bbox 796 860 873 927; x_wconf 90' lang='lat' dir='ltr'><strong>satis</strong></span> <span class='ocrx_word' id='word_1_7' title='bbox 899 871 998 942; x_wconf 86' lang='lat' dir='ltr'><strong>casto,</strong></span> <span class='ocrx_word' id='word_1_8' title='bbox 1025 881 1103 929; x_wconf 85' lang='lat' dir='ltr'><strong>usus</strong></span> <span class='ocrx_word' id='word_1_9' title='bbox 1133 858 1291 929; x_wconf 87' lang='lat' dir='ltr'><strong>scribendi</strong></span> <span class='ocrx_word' id='word_1_10' title='bbox 1315 879 1432 946; x_wconf 84' lang='lat' dir='ltr'><strong>genere</strong></span> <span class='ocrx_word' id='word_1_11' title='bbox 1456 858 1537 927; x_wconf 82' lang='lat' dir='ltr'><strong>bene</strong></span> <span class='ocrx_word' id='word_1_12' title='bbox 1563 861 1705 949; x_wconf 81' lang='lat' dir='ltr'><strong>exposuit</strong></span> <span class='ocrx_word' id='word_1_13' title='bbox 1726 862 1838 950; x_wconf 91' lang='lat' dir='ltr'><strong>proba-</strong></span> 
     </span>
    </p>

    <p class='ocr_par' dir='ltr' id='par_1_3' title="bbox 290 978 1841 1311">
     <span class='ocr_line' id='line_1_3' title="bbox 290 978 1839 1070; baseline -0.001 -22"><span class='ocrx_word' id='word_1_14' title='bbox 290 982 403 1068; x_wconf 80' lang='lat' dir='ltr'><strong>vitque.</strong></span> <span class='ocrx_word' id='word_1_15' title='bbox 453 979 627 1046; x_wconf 87' lang='lat' dir='ltr'><strong>Dolendum</strong></span> <span class='ocrx_word' id='word_1_16' title='bbox 652 989 753 1047; x_wconf 88' lang='lat' dir='ltr'><strong>tamen</strong></span> <span class='ocrx_word' id='word_1_17' title='bbox 781 978 936 1067; x_wconf 88' lang='lat' dir='ltr'><strong>estquod</strong></span> <span class='ocrx_word' id='word_1_18' title='bbox 961 981 1121 1070; x_wconf 82' lang='lat' dir='ltr'><strong>principiis</strong></span> <span class='ocrx_word' id='word_1_19' title='bbox 1141 979 1343 1066; x_wconf 76' lang='lat' dir='ltr'><strong>generalibus</strong></span> <span class='ocrx_word' id='word_1_20' title='bbox 1370 981 1519 1067; x_wconf 83' lang='lat' dir='ltr'><strong>expositis</strong></span> <span class='ocrx_word' id='word_1_21' title='bbox 1545 980 1701 1068; x_wconf 82' lang='lat' dir='ltr'><strong>speciales</strong></span> <span class='ocrx_word' id='word_1_22' title='bbox 1724 1001 1839 1068; x_wconf 89' lang='lat' dir='ltr'><strong>easque</strong></span> 
     </span>
     <span class='ocr_line' id='line_1_4' title="bbox 295 1098 1839 1188; baseline -0.003 -20"><span class='ocrx_word' id='word_1_23' title='bbox 295 1101 499 1186; x_wconf 86' lang='lat' dir='ltr'><strong>grauissimas</strong></span> <span class='ocrx_word' id='word_1_24' title='bbox 524 1101 715 1186; x_wconf 80' lang='lat' dir='ltr'><strong>quaestionis</strong></span> <span class='ocrx_word' id='word_1_25' title='bbox 741 1102 920 1188; x_wconf 90' lang='lat' dir='ltr'><strong>propositae</strong></span> <span class='ocrx_word' id='word_1_26' title='bbox 944 1110 1049 1186; x_wconf 87' lang='lat' dir='ltr'><strong>partos</strong></span> <span class='ocrx_word' id='word_1_27' title='bbox 1074 1100 1167 1188; x_wconf 88' lang='lat' dir='ltr'><strong>plane</strong></span> <span class='ocrx_word' id='word_1_28' title='bbox 1192 1101 1324 1166; x_wconf 86' lang='lat' dir='ltr'><strong>intactas</strong></span> <span class='ocrx_word' id='word_1_29' title='bbox 1349 1098 1484 1186; x_wconf 90' lang='lat' dir='ltr'><strong>reliquit,</strong></span> <span class='ocrx_word' id='word_1_30' title='bbox 1511 1118 1589 1185; x_wconf 90' lang='lat' dir='ltr'><strong>quas</strong></span> <span class='ocrx_word' id='word_1_31' title='bbox 1615 1101 1730 1187; x_wconf 89' lang='lat' dir='ltr'><strong>prioris</strong></span> <span class='ocrx_word' id='word_1_32' title='bbox 1756 1119 1839 1165; x_wconf 90' lang='lat' dir='ltr'><strong>oom-</strong></span> 
     </span>
     <span class='ocr_line' id='line_1_5' title="bbox 292 1217 1841 1311; baseline -0.003 -24"><span class='ocrx_word' id='word_1_33' title='bbox 292 1222 488 1288; x_wconf 90' lang='lat' dir='ltr'><strong>meutationis</strong></span> <span class='ocrx_word' id='word_1_34' title='bbox 520 1221 653 1306; x_wconf 90' lang='lat' dir='ltr'><strong>scriptor</strong></span> <span class='ocrx_word' id='word_1_35' title='bbox 678 1229 826 1286; x_wconf 84' lang='lat' dir='ltr'><strong>accurate</strong></span> <span class='ocrx_word' id='word_1_36' title='bbox 851 1231 1062 1311; x_wconf 89' lang='lat' dir='ltr'><strong>perscrutatus</strong></span> <span class='ocrx_word' id='word_1_37' title='bbox 1089 1230 1146 1286; x_wconf 90' lang='lat' dir='ltr'><strong>ost.</strong></span> <span class='ocrx_word' id='word_1_38' title='bbox 1210 1218 1270 1299; x_wconf 83' lang='lat' dir='ltr'><strong>Qui</strong></span> <span class='ocrx_word' id='word_1_39' title='bbox 1304 1240 1372 1286; x_wconf 91' lang='lat' dir='ltr'><strong>cum</strong></span> <span class='ocrx_word' id='word_1_40' title='bbox 1405 1228 1569 1306; x_wconf 88' lang='lat' dir='ltr'><strong>praeterea</strong></span> <span class='ocrx_word' id='word_1_41' title='bbox 1595 1221 1743 1286; x_wconf 91' lang='lat' dir='ltr'><strong>maiorem</strong></span> <span class='ocrx_word' id='word_1_42' title='bbox 1770 1217 1841 1284; x_wconf 92' lang='lat' dir='ltr'><strong>dili-</strong></span> 
     </span>
    </p>

    <p class='ocr_par' dir='ltr' id='par_1_4' title="bbox 292 1309 2022 1548">
     <span class='ocr_line' id='line_1_6' title="bbox 292 1337 1842 1428; baseline -0.003 -22"><span class='ocrx_word' id='word_1_43' title='bbox 292 1341 426 1425; x_wconf 87' lang='lat' dir='ltr'><strong>geutiam</strong></span> <span class='ocrx_word' id='word_1_44' title='bbox 452 1350 482 1405; x_wconf 89' lang='lat' dir='ltr'><strong>et</strong></span> <span class='ocrx_word' id='word_1_45' title='bbox 507 1342 684 1408; x_wconf 80' lang='lat' dir='ltr'><strong>accuratius</strong></span> <span class='ocrx_word' id='word_1_46' title='bbox 712 1340 790 1405; x_wconf 91' lang='lat' dir='ltr'><strong>iuris</strong></span> <span class='ocrx_word' id='word_1_47' title='bbox 817 1339 950 1408; x_wconf 90' lang='lat' dir='ltr'><strong>studium</strong></span> <span class='ocrx_word' id='word_1_48' title='bbox 978 1339 1165 1420; x_wconf 80' lang='lat' dir='ltr'><strong>exhibuerit,</strong></span> <span class='ocrx_word' id='word_1_49' title='bbox 1197 1340 1346 1406; x_wconf 88' lang='lat' dir='ltr'><strong>maiorem</strong></span> <span class='ocrx_word' id='word_1_50' title='bbox 1371 1339 1499 1427; x_wconf 87' lang='lat' dir='ltr'><strong>praemii</strong></span> <span class='ocrx_word' id='word_1_51' title='bbox 1526 1348 1658 1428; x_wconf 86' lang='lat' dir='ltr'><strong>partem,</strong></span> <span class='ocrx_word' id='word_1_52' title='bbox 1682 1337 1763 1404; x_wconf 89' lang='lat' dir='ltr'><strong>alter</strong></span> <span class='ocrx_word' id='word_1_53' title='bbox 1785 1337 1842 1402; x_wconf 91' lang='lat' dir='ltr'><strong>mi·</strong></span> 
     </span>
     <span class='ocr_line' id='line_1_7' title="bbox 294 1461 570 1548; baseline 0 -22"><span class='ocrx_word' id='word_1_54' title='bbox 294 1479 402 1546; x_wconf 85' lang='lat' dir='ltr'><strong>norem</strong></span> <span class='ocrx_word' id='word_1_55' title='bbox 426 1461 570 1548; x_wconf 88' lang='lat' dir='ltr'><strong>accipito.</strong></span> 
     </span>
    </p>
   </div>
   <div class='ocr_carea' id='block_1_3' title="bbox 344 1627 953 1720">
    <p class='ocr_par' dir='ltr' id='par_1_5' title="bbox 344 1627 953 1720">
     <span class='ocr_line' id='line_1_8' title="bbox 344 1627 953 1720; baseline 0.007 -26"><span class='ocrx_word' id='word_1_56' title='bbox 344 1627 498 1696; x_wconf 82' lang='lat' dir='ltr'><strong>Maiorem</strong></span> <span class='ocrx_word' id='word_1_57' title='bbox 523 1630 619 1715; x_wconf 85' lang='lat' dir='ltr'><strong>igitur</strong></span> <span class='ocrx_word' id='word_1_58' title='bbox 643 1641 760 1718; x_wconf 90' lang='lat' dir='ltr'><strong>partem</strong></span> <span class='ocrx_word' id='word_1_59' title='bbox 785 1633 953 1720; x_wconf 82' lang='lat' dir='ltr'><strong>reportavit</strong></span> 
     </span>
    </p>
   </div>
   <div class='ocr_carea' id='block_1_4' title="bbox 572 1761 1515 1960">
    <p class='ocr_par' dir='ltr' id='par_1_6' title="bbox 572 1761 1515 1960">
     <span class='ocr_line' id='line_1_9' title="bbox 572 1761 1515 1871; baseline 0.004 -43"><span class='ocrx_word' id='word_1_60' title='bbox 572 1761 758 1832; x_wconf 67' lang='lat' dir='ltr'><strong>CAROLUS</strong></span> <span class='ocrx_word' id='word_1_61' title='bbox 791 1763 1009 1832; x_wconf 86' lang='lat' dir='ltr'><strong>GUSTAVUS</strong></span> <span class='ocrx_word' id='word_1_62' title='bbox 1041 1763 1258 1834; x_wconf 79' lang='lat' dir='ltr'>EDUARDUS</span> <span class='ocrx_word' id='word_1_63' title='bbox 1282 1762 1515 1871; x_wconf 66' lang='lat' dir='ltr'><strong>annuletur,</strong></span> 
     </span>
     <span class='ocr_line' id='line_1_10' title="bbox 855 1883 1349 1960; baseline 0.002 -31"><span class='ocrx_word' id='word_1_64' title='bbox 855 1883 1237 1944; x_wconf 81' lang='lat' dir='ltr'><strong>uusrsusuro-sruusrus,</strong></span> <span class='ocrx_word' id='word_1_65' title='bbox 1346 1955 1349 1960; x_wconf 20' lang='grc' dir='ltr'>Ι</span> 
     </span>
    </p>
   </div>
   <div class='ocr_carea' id='block_1_5' title="bbox 292 1997 543 2063">
    <p class='ocr_par' dir='ltr' id='par_1_7' title="bbox 292 1997 543 2063">
     <span class='ocr_line' id='line_1_11' title="bbox 292 1997 543 2063; baseline 0.008 -2"><span class='ocrx_word' id='word_1_66' title='bbox 292 1997 441 2063; x_wconf 89' lang='lat' dir='ltr'><strong>minorem</strong></span> <span class='ocrx_word' id='word_1_67' title='bbox 467 2015 543 2063; x_wconf 87' lang='lat' dir='ltr'><strong>vero</strong></span> 
     </span>
    </p>
   </div>
   <div class='ocr_carea' id='block_1_6' title="bbox 582 2109 1507 2298">
    <p class='ocr_par' dir='ltr' id='par_1_8' title="bbox 582 2109 1507 2298">
     <span class='ocr_line' id='line_1_12' title="bbox 582 2109 1507 2211; baseline 0.003 -17"><span class='ocrx_word' id='word_1_68' title='bbox 582 2126 768 2196; x_wconf 77' lang='lat' dir='ltr'><strong>canonos</strong></span> <span class='ocrx_word' id='word_1_69' title='bbox 794 2127 1010 2200; x_wconf 82' lang='lat' dir='ltr'><strong>uuuuaous</strong></span> <span class='ocrx_word' id='word_1_70' title='bbox 1038 2109 1274 2198; x_wconf 74' lang='lat' dir='ltr'><strong>nunninus</strong></span> <span class='ocrx_word' id='word_1_71' title='bbox 1299 2128 1507 2211; x_wconf 85' lang='lat' dir='ltr'><strong>uouunua,</strong></span> 
     </span>
     <span class='ocr_line' id='line_1_13' title="bbox 931 2250 1151 2298; baseline -0.005 0"><span class='ocrx_word' id='word_1_72' title='bbox 931 2250 1151 2298; x_wconf 83' lang='lat' dir='ltr'><strong>STETlNENsls.</strong></span> 
     </span>
    </p>
   </div>
   <div class='ocr_carea' id='block_1_7' title="bbox 245 2393 1846 2964">
    <p class='ocr_par' dir='ltr' id='par_1_9' title="bbox 245 2393 1846 2964">
     <span class='ocr_line' id='line_1_14' title="bbox 245 2393 1846 2488; baseline 0.006 -29"><span class='ocrx_word' id='word_1_73' title='bbox 245 2393 299 2462; x_wconf 90' lang='lat' dir='ltr'><strong>lll.</strong></span> <span class='ocrx_word' id='word_1_74' title='bbox 326 2394 472 2463; x_wconf 86' lang='lat' dir='ltr'><strong>Gratioso</strong></span> <span class='ocrx_word' id='word_1_75' title='bbox 498 2394 692 2463; x_wconf 88' lang='lat' dir='ltr'><strong>Medicorum</strong></span> <span class='ocrx_word' id='word_1_76' title='bbox 727 2394 858 2476; x_wconf 85' lang='lat' dir='ltr'><strong>Ordini,</strong></span> <span class='ocrx_word' id='word_1_77' title='bbox 896 2400 950 2485; x_wconf 93' lang='lat' dir='ltr'><strong>qui</strong></span> <span class='ocrx_word' id='word_1_78' title='bbox 975 2401 1093 2466; x_wconf 90' lang='lat' dir='ltr'><strong>tirones</strong></span> <span class='ocrx_word' id='word_1_79' title='bbox 1121 2419 1197 2467; x_wconf 89' lang='lat' dir='ltr'><strong>suos</strong></span> <span class='ocrx_word' id='word_1_80' title='bbox 1223 2401 1334 2466; x_wconf 89' lang='lat' dir='ltr'><strong>iterata</strong></span> <span class='ocrx_word' id='word_1_81' title='bbox 1360 2401 1575 2488; x_wconf 83' lang='lat' dir='ltr'><strong>quaestionum</strong></span> <span class='ocrx_word' id='word_1_82' title='bbox 1598 2400 1846 2487; x_wconf 81' lang='lat' dir='ltr'><strong>promulgatione</strong></span> 
     </span>
     <span class='ocr_line' id='line_1_15' title="bbox 296 2515 1846 2610; baseline 0.003 -26"><span class='ocrx_word' id='word_1_83' title='bbox 296 2517 336 2584; x_wconf 89' lang='lat' dir='ltr'><strong>ad</strong></span> <span class='ocrx_word' id='word_1_84' title='bbox 371 2515 506 2610; x_wconf 88' lang='lat' dir='ltr'><strong>ineunda</strong></span> <span class='ocrx_word' id='word_1_85' title='bbox 542 2520 711 2583; x_wconf 88' lang='lat' dir='ltr'><strong>certamina</strong></span> <span class='ocrx_word' id='word_1_86' title='bbox 743 2517 896 2584; x_wconf 86' lang='lat' dir='ltr'><strong>litteraria</strong></span> <span class='ocrx_word' id='word_1_87' title='bbox 928 2517 997 2596; x_wconf 93' lang='lat' dir='ltr'><strong>bis,</strong></span> <span class='ocrx_word' id='word_1_88' title='bbox 1046 2518 1102 2585; x_wconf 89' lang='lat' dir='ltr'><strong>sed</strong></span> <span class='ocrx_word' id='word_1_89' title='bbox 1132 2519 1250 2587; x_wconf 80' lang='lat' dir='ltr'><strong>frustra</strong></span> <span class='ocrx_word' id='word_1_90' title='bbox 1281 2530 1525 2608; x_wconf 83' lang='lat' dir='ltr'><strong>provocaverat,</strong></span> <span class='ocrx_word' id='word_1_91' title='bbox 1570 2541 1653 2587; x_wconf 90' lang='lat' dir='ltr'><strong>nova</strong></span> <span class='ocrx_word' id='word_1_92' title='bbox 1685 2524 1846 2610; x_wconf 92' lang='lat' dir='ltr'><strong>proposita</strong></span> 
     </span>
     <span class='ocr_line' id='line_1_16' title="bbox 295 2635 1845 2723; baseline 0.003 -22"><span class='ocrx_word' id='word_1_93' title='bbox 295 2638 478 2723; x_wconf 89' lang='lat' dir='ltr'><strong>quaestione</strong></span> <span class='ocrx_word' id='word_1_94' title='bbox 517 2635 556 2702; x_wconf 93' lang='lat' dir='ltr'><strong>de</strong></span> <span class='ocrx_word' id='word_1_95' title='bbox 582 2635 722 2702; x_wconf 85' lang='lat' dir='ltr'><strong>cerebris</strong></span> <span class='ocrx_word' id='word_1_96' title='bbox 755 2638 886 2722; x_wconf 90' lang='lat' dir='ltr'><strong>piscium</strong></span> <span class='ocrx_word' id='word_1_97' title='bbox 911 2656 1009 2723; x_wconf 91' lang='lat' dir='ltr'><strong>aquas</strong></span> <span class='ocrx_word' id='word_1_98' title='bbox 1035 2648 1160 2705; x_wconf 86' lang='lat' dir='ltr'><strong>nostros</strong></span> <span class='ocrx_word' id='word_1_99' title='bbox 1186 2639 1386 2706; x_wconf 86' lang='lat' dir='ltr'><strong>habitantium</strong></span> <span class='ocrx_word' id='word_1_100' title='bbox 1413 2639 1509 2706; x_wconf 90' lang='lat' dir='ltr'><strong>oblati</strong></span> <span class='ocrx_word' id='word_1_101' title='bbox 1538 2649 1608 2706; x_wconf 88' lang='lat' dir='ltr'><strong>sunt</strong></span> <span class='ocrx_word' id='word_1_102' title='bbox 1634 2643 1845 2708; x_wconf 90' lang='lat' dir='ltr'><strong>commentarii</strong></span> 
     </span>
     <span class='ocr_line' id='line_1_17' title="bbox 294 2753 1844 2845; baseline 0.002 -23"><span class='ocrx_word' id='word_1_103' title='bbox 294 2755 364 2834; x_wconf 90' lang='lat' dir='ltr'><strong>duo,</strong></span> <span class='ocrx_word' id='word_1_104' title='bbox 391 2775 471 2845; x_wconf 93' lang='lat' dir='ltr'><strong>quos</strong></span> <span class='ocrx_word' id='word_1_105' title='bbox 497 2755 702 2823; x_wconf 89' lang='lat' dir='ltr'><strong>laetabundus</strong></span> <span class='ocrx_word' id='word_1_106' title='bbox 727 2754 823 2823; x_wconf 89' lang='lat' dir='ltr'><strong>veluti</strong></span> <span class='ocrx_word' id='word_1_107' title='bbox 847 2753 930 2824; x_wconf 70' lang='lat' dir='ltr'><strong>loono</strong></span> <span class='ocrx_word' id='word_1_108' title='bbox 959 2758 1060 2824; x_wconf 89' lang='lat' dir='ltr'><strong>omine</strong></span> <span class='ocrx_word' id='word_1_109' title='bbox 1086 2767 1213 2845; x_wconf 90' lang='lat' dir='ltr'><strong>accepto</strong></span> <span class='ocrx_word' id='word_1_110' title='bbox 1241 2757 1300 2824; x_wconf 92' lang='lat' dir='ltr'><strong>sibi</strong></span> <span class='ocrx_word' id='word_1_111' title='bbox 1330 2758 1513 2842; x_wconf 86' lang='lat' dir='ltr'><strong>gratulatur.</strong></span> <span class='ocrx_word' id='word_1_112' title='bbox 1547 2760 1664 2825; x_wconf 84' lang='lat' dir='ltr'><strong>Auctor</strong></span> <span class='ocrx_word' id='word_1_113' title='bbox 1690 2778 1844 2828; x_wconf 84' lang='lat' dir='ltr'><strong>commcn-</strong></span> 
     </span>
     <span class='ocr_line' id='line_1_18' title="bbox 292 2875 1216 2964; baseline 0.002 -24"><span class='ocrx_word' id='word_1_114' title='bbox 292 2877 417 2943; x_wconf 88' lang='lat' dir='ltr'><strong>tationis</strong></span> <span class='ocrx_word' id='word_1_115' title='bbox 445 2878 580 2964; x_wconf 89' lang='lat' dir='ltr'><strong>primae,</strong></span> <span class='ocrx_word' id='word_1_116' title='bbox 608 2878 656 2943; x_wconf 88' lang='lat' dir='ltr'><strong>cui</strong></span> <span class='ocrx_word' id='word_1_117' title='bbox 685 2878 835 2964; x_wconf 89' lang='lat' dir='ltr'><strong>iuscripta</strong></span> <span class='ocrx_word' id='word_1_118' title='bbox 858 2885 928 2942; x_wconf 91' lang='lat' dir='ltr'><strong>sunt</strong></span> <span class='ocrx_word' id='word_1_119' title='bbox 954 2875 1077 2944; x_wconf 88' lang='lat' dir='ltr'><strong>Goethii</strong></span> <span class='ocrx_word' id='word_1_120' title='bbox 1102 2876 1216 2943; x_wconf 86' lang='lat' dir='ltr'><strong>verba:</strong></span> 
     </span>
    </p>
   </div>
   <div class='ocr_carea' id='block_1_8' title="bbox 444 3043 1564 3231">
    <p class='ocr_par' dir='ltr' id='par_1_10' title="bbox 444 3043 1564 3231">
     <span class='ocr_line' id='line_1_19' title="bbox 444 3043 1450 3128; baseline 0.003 -20"><span class='ocrx_word' id='word_1_121' title='bbox 444 3043 541 3119; x_wconf 85' lang='lat' dir='ltr'><strong>„Allo</strong></span> <span class='ocrx_word' id='word_1_122' title='bbox 560 3043 689 3107; x_wconf 88' lang='lat' dir='ltr'><strong>Glieder</strong></span> <span class='ocrx_word' id='word_1_123' title='bbox 714 3043 821 3108; x_wconf 90' lang='lat' dir='ltr'><strong>bildeu</strong></span> <span class='ocrx_word' id='word_1_124' title='bbox 847 3043 916 3108; x_wconf 91' lang='lat' dir='ltr'><strong>sich</strong></span> <span class='ocrx_word' id='word_1_125' title='bbox 950 3063 1007 3108; x_wconf 91' lang='lat' dir='ltr'><strong>aus</strong></span> <span class='ocrx_word' id='word_1_126' title='bbox 1039 3043 1121 3108; x_wconf 91' lang='lat' dir='ltr'><strong>uach</strong></span> <span class='ocrx_word' id='word_1_127' title='bbox 1144 3051 1261 3128; x_wconf 85' lang='lat' dir='ltr'><strong>eu&#39;gen</strong></span> <span class='ocrx_word' id='word_1_128' title='bbox 1286 3043 1450 3124; x_wconf 88' lang='lat' dir='ltr'><strong>Gesetzeu‚</strong></span> 
     </span>
     <span class='ocr_line' id='line_1_20' title="bbox 446 3158 1564 3231; baseline 0.003 -5"><span class='ocrx_word' id='word_1_129' title='bbox 446 3158 515 3228; x_wconf 93' lang='lat' dir='ltr'><strong>Uud</strong></span> <span class='ocrx_word' id='word_1_130' title='bbox 541 3159 591 3226; x_wconf 89' lang='lat' dir='ltr'><strong>die</strong></span> <span class='ocrx_word' id='word_1_131' title='bbox 620 3160 768 3226; x_wconf 87' lang='lat' dir='ltr'><strong>soltenste</strong></span> <span class='ocrx_word' id='word_1_132' title='bbox 793 3158 884 3224; x_wconf 88' lang='lat' dir='ltr'><strong>Form</strong></span> <span class='ocrx_word' id='word_1_133' title='bbox 911 3159 1048 3227; x_wconf 84' lang='lat' dir='ltr'><strong>heuahrt</strong></span> <span class='ocrx_word' id='word_1_134' title='bbox 1074 3161 1114 3222; x_wconf 91' lang='lat' dir='ltr'><strong>im</strong></span> <span class='ocrx_word' id='word_1_135' title='bbox 1141 3161 1309 3227; x_wconf 87' lang='lat' dir='ltr'><strong>Geheimen</strong></span> <span class='ocrx_word' id='word_1_136' title='bbox 1337 3163 1394 3228; x_wconf 88' lang='lat' dir='ltr'><strong>das</strong></span> <span class='ocrx_word' id='word_1_137' title='bbox 1426 3163 1564 3231; x_wconf 85' lang='lat' dir='ltr'><strong>Urbild“</strong></span> 
     </span>
    </p>
   </div>
   <div class='ocr_carea' id='block_1_9' title="bbox 278 3303 1849 4843">
    <p class='ocr_par' dir='ltr' id='par_1_11' title="bbox 278 3303 1849 4843">
     <span class='ocr_line' id='line_1_21' title="bbox 295 3303 1847 3419; baseline 0.001 -20"><span class='ocrx_word' id='word_1_138' title='bbox 295 3337 328 3399; x_wconf 93' lang='lat' dir='ltr'><strong>iu</strong></span> <span class='ocrx_word' id='word_1_139' title='bbox 357 3331 540 3419; x_wconf 87' lang='lat' dir='ltr'><strong>quaestione</strong></span> <span class='ocrx_word' id='word_1_140' title='bbox 566 3308 725 3416; x_wconf 88' lang='lat' dir='ltr'><strong>proposita</strong></span> <span class='ocrx_word' id='word_1_141' title='bbox 759 3326 898 3394; x_wconf 88' lang='lat' dir='ltr'><strong>studiose</strong></span> <span class='ocrx_word' id='word_1_142' title='bbox 924 3325 1119 3393; x_wconf 86' lang='lat' dir='ltr'><strong>enucleanda</strong></span> <span class='ocrx_word' id='word_1_143' title='bbox 1146 3335 1238 3410; x_wconf 87' lang='lat' dir='ltr'><strong>atque</strong></span> <span class='ocrx_word' id='word_1_144' title='bbox 1266 3324 1305 3391; x_wconf 92' lang='lat' dir='ltr'><strong>ad</strong></span> <span class='ocrx_word' id='word_1_145' title='bbox 1331 3303 1420 3393; x_wconf 88' lang='lat' dir='ltr'><strong>finem</strong></span> <span class='ocrx_word' id='word_1_146' title='bbox 1457 3327 1657 3416; x_wconf 88' lang='lat' dir='ltr'><strong>perducenda</strong></span> <span class='ocrx_word' id='word_1_147' title='bbox 1689 3334 1847 3418; x_wconf 84' lang='lat' dir='ltr'><strong>ingenium</strong></span> 
     </span>
     <span class='ocr_line' id='line_1_22' title="bbox 295 3429 1848 3534; baseline 0.002 -17"><span class='ocrx_word' id='word_1_148' title='bbox 295 3447 379 3517; x_wconf 90' lang='lat' dir='ltr'><strong>haud</strong></span> <span class='ocrx_word' id='word_1_149' title='bbox 401 3447 560 3514; x_wconf 87' lang='lat' dir='ltr'><strong>mediocre</strong></span> <span class='ocrx_word' id='word_1_150' title='bbox 585 3435 786 3514; x_wconf 57' lang='lat' dir='ltr'><strong>declaravit(</strong></span> <span class='ocrx_word' id='word_1_151' title='bbox 816 3443 1029 3534; x_wconf 77' lang='lat' dir='ltr'><strong>supellectilis</strong></span> <span class='ocrx_word' id='word_1_152' title='bbox 1055 3445 1227 3510; x_wconf 88' lang='lat' dir='ltr'><strong>litterariae</strong></span> <span class='ocrx_word' id='word_1_153' title='bbox 1258 3444 1297 3511; x_wconf 91' lang='lat' dir='ltr'><strong>ad</strong></span> <span class='ocrx_word' id='word_1_154' title='bbox 1330 3466 1395 3512; x_wconf 91' lang='lat' dir='ltr'><strong>rem</strong></span> <span class='ocrx_word' id='word_1_155' title='bbox 1431 3466 1518 3514; x_wconf 89' lang='lat' dir='ltr'><strong>suam</strong></span> <span class='ocrx_word' id='word_1_156' title='bbox 1549 3453 1750 3519; x_wconf 83' lang='lat' dir='ltr'><strong>necessariae</strong></span> <span class='ocrx_word' id='word_1_157' title='bbox 1784 3429 1848 3522; x_wconf 82' lang='lat' dir='ltr'><strong>non</strong></span> 
     </span>
     <span class='ocr_line' id='line_1_23' title="bbox 298 3564 1847 3657; baseline 0.004 -23"><span class='ocrx_word' id='word_1_158' title='bbox 298 3567 399 3635; x_wconf 92' lang='lat' dir='ltr'><strong>solum</strong></span> <span class='ocrx_word' id='word_1_159' title='bbox 423 3567 561 3634; x_wconf 87' lang='lat' dir='ltr'><strong>notitiam</strong></span> <span class='ocrx_word' id='word_1_160' title='bbox 587 3566 679 3634; x_wconf 88' lang='lat' dir='ltr'><strong>ualde</strong></span> <span class='ocrx_word' id='word_1_161' title='bbox 713 3564 927 3654; x_wconf 89' lang='lat' dir='ltr'><strong>probabilem,</strong></span> <span class='ocrx_word' id='word_1_162' title='bbox 964 3564 1021 3632; x_wconf 91' lang='lat' dir='ltr'><strong>sed</strong></span> <span class='ocrx_word' id='word_1_163' title='bbox 1049 3585 1141 3631; x_wconf 89' lang='lat' dir='ltr'><strong>usum</strong></span> <span class='ocrx_word' id='word_1_164' title='bbox 1168 3567 1258 3632; x_wconf 88' lang='lat' dir='ltr'><strong>etiam</strong></span> <span class='ocrx_word' id='word_1_165' title='bbox 1293 3564 1438 3631; x_wconf 90' lang='lat' dir='ltr'><strong>idoneum</strong></span> <span class='ocrx_word' id='word_1_166' title='bbox 1474 3565 1626 3645; x_wconf 84' lang='lat' dir='ltr'><strong>exhibuit,</strong></span> <span class='ocrx_word' id='word_1_167' title='bbox 1666 3580 1757 3657; x_wconf 89' lang='lat' dir='ltr'><strong>atque</strong></span> <span class='ocrx_word' id='word_1_168' title='bbox 1785 3583 1847 3639; x_wconf 90' lang='lat' dir='ltr'><strong>tum</strong></span> 
     </span>
     <span class='ocr_line' id='line_1_24' title="bbox 296 3684 1848 3776; baseline 0.003 -22"><span class='ocrx_word' id='word_1_169' title='bbox 296 3688 462 3776; x_wconf 91' lang='lat' dir='ltr'><strong>perspicuo</strong></span> <span class='ocrx_word' id='word_1_170' title='bbox 488 3685 707 3774; x_wconf 84' lang='lat' dir='ltr'><strong>descriptionis</strong></span> <span class='ocrx_word' id='word_1_171' title='bbox 733 3685 842 3765; x_wconf 91' lang='lat' dir='ltr'><strong>modo,</strong></span> <span class='ocrx_word' id='word_1_172' title='bbox 877 3696 938 3753; x_wconf 91' lang='lat' dir='ltr'><strong>tum</strong></span> <span class='ocrx_word' id='word_1_173' title='bbox 964 3685 1169 3774; x_wconf 87' lang='lat' dir='ltr'><strong>imaginibus,</strong></span> <span class='ocrx_word' id='word_1_174' title='bbox 1208 3703 1286 3771; x_wconf 88' lang='lat' dir='ltr'><strong>quas</strong></span> <span class='ocrx_word' id='word_1_175' title='bbox 1313 3685 1400 3770; x_wconf 90' lang='lat' dir='ltr'><strong>operi</strong></span> <span class='ocrx_word' id='word_1_176' title='bbox 1428 3705 1486 3752; x_wconf 91' lang='lat' dir='ltr'><strong>suo</strong></span> <span class='ocrx_word' id='word_1_177' title='bbox 1515 3684 1648 3764; x_wconf 87' lang='lat' dir='ltr'><strong>addidit,</strong></span> <span class='ocrx_word' id='word_1_178' title='bbox 1686 3689 1848 3776; x_wconf 81' lang='lat' dir='ltr'><strong>eleganter</strong></span> 
     </span>
     <span class='ocr_line' id='line_1_25' title="bbox 298 3785 1848 3893; baseline 0.003 -19"><span class='ocrx_word' id='word_1_179' title='bbox 298 3807 463 3876; x_wconf 89' lang='lat' dir='ltr'><strong>delineatis</strong></span> <span class='ocrx_word' id='word_1_180' title='bbox 482 3805 571 3873; x_wconf 86' lang='lat' dir='ltr'><strong>iidem</strong></span> <span class='ocrx_word' id='word_1_181' title='bbox 597 3806 671 3873; x_wconf 89' lang='lat' dir='ltr'><strong>fecit</strong></span> <span class='ocrx_word' id='word_1_182' title='bbox 695 3805 883 3884; x_wconf 89' lang='lat' dir='ltr'><strong>industriae,</strong></span> <span class='ocrx_word' id='word_1_183' title='bbox 917 3825 979 3893; x_wconf 91' lang='lat' dir='ltr'><strong>qua</strong></span> <span class='ocrx_word' id='word_1_184' title='bbox 1004 3785 1223 3892; x_wconf 88' lang='lat' dir='ltr'><strong>permultorum</strong></span> <span class='ocrx_word' id='word_1_185' title='bbox 1250 3805 1379 3892; x_wconf 91' lang='lat' dir='ltr'><strong>piscium</strong></span> <span class='ocrx_word' id='word_1_186' title='bbox 1406 3801 1598 3872; x_wconf 83' lang='lat' dir='ltr'><strong>fluviatilium</strong></span> <span class='ocrx_word' id='word_1_187' title='bbox 1626 3809 1757 3876; x_wconf 89' lang='lat' dir='ltr'><strong>cerebra</strong></span> <span class='ocrx_word' id='word_1_188' title='bbox 1790 3815 1848 3878; x_wconf 89' lang='lat' dir='ltr'><strong>rito</strong></span> 
     </span>
     <span class='ocr_line' id='line_1_26' title="bbox 297 3907 1849 4014; baseline 0.004 -22"><span class='ocrx_word' id='word_1_189' title='bbox 297 3926 446 3995; x_wconf 88' lang='lat' dir='ltr'><strong>dissecuit</strong></span> <span class='ocrx_word' id='word_1_190' title='bbox 471 3925 566 4014; x_wconf 91' lang='lat' dir='ltr'><strong>idque</strong></span> <span class='ocrx_word' id='word_1_191' title='bbox 593 3944 631 3994; x_wconf 88' lang='lat' dir='ltr'><strong>eo</strong></span> <span class='ocrx_word' id='word_1_192' title='bbox 655 3946 777 4014; x_wconf 92' lang='lat' dir='ltr'><strong>semper</strong></span> <span class='ocrx_word' id='word_1_193' title='bbox 801 3924 944 4003; x_wconf 91' lang='lat' dir='ltr'><strong>consilio,</strong></span> <span class='ocrx_word' id='word_1_194' title='bbox 973 3935 1004 3991; x_wconf 93' lang='lat' dir='ltr'><strong>ut</strong></span> <span class='ocrx_word' id='word_1_195' title='bbox 1028 3933 1211 4009; x_wconf 87' lang='lat' dir='ltr'><strong>argumenta</strong></span> <span class='ocrx_word' id='word_1_196' title='bbox 1234 3922 1306 3990; x_wconf 90' lang='lat' dir='ltr'><strong>inde</strong></span> <span class='ocrx_word' id='word_1_197' title='bbox 1331 3923 1458 3990; x_wconf 90' lang='lat' dir='ltr'><strong>duceret</strong></span> <span class='ocrx_word' id='word_1_198' title='bbox 1482 3927 1614 3992; x_wconf 85' lang='lat' dir='ltr'><strong>maxime</strong></span> <span class='ocrx_word' id='word_1_199' title='bbox 1637 3907 1849 3998; x_wconf 89' lang='lat' dir='ltr'><strong>consentanea</strong></span> 
     </span>
     <span class='ocr_line' id='line_1_27' title="bbox 298 4041 1846 4134; baseline 0.002 -20"><span class='ocrx_word' id='word_1_200' title='bbox 298 4057 328 4114; x_wconf 88' lang='lat' dir='ltr'><strong>et</strong></span> <span class='ocrx_word' id='word_1_201' title='bbox 353 4047 583 4134; x_wconf 88' lang='lat' dir='ltr'><strong>physiologiam</strong></span> <span class='ocrx_word' id='word_1_202' title='bbox 606 4048 771 4131; x_wconf 86' lang='lat' dir='ltr'><strong>insigniter</strong></span> <span class='ocrx_word' id='word_1_203' title='bbox 797 4045 993 4112; x_wconf 86' lang='lat' dir='ltr'><strong>illustrantia.</strong></span> <span class='ocrx_word' id='word_1_204' title='bbox 1043 4041 1184 4130; x_wconf 89' lang='lat' dir='ltr'><strong>Denique</strong></span> <span class='ocrx_word' id='word_1_205' title='bbox 1204 4042 1395 4130; x_wconf 88' lang='lat' dir='ltr'><strong>singularem</strong></span> <span class='ocrx_word' id='word_1_206' title='bbox 1424 4044 1484 4110; x_wconf 91' lang='lat' dir='ltr'><strong>sibi</strong></span> <span class='ocrx_word' id='word_1_207' title='bbox 1511 4046 1622 4113; x_wconf 87' lang='lat' dir='ltr'><strong>meruit</strong></span> <span class='ocrx_word' id='word_1_208' title='bbox 1648 4044 1771 4113; x_wconf 89' lang='lat' dir='ltr'><strong>laudern</strong></span> <span class='ocrx_word' id='word_1_209' title='bbox 1798 4070 1846 4128; x_wconf 91' lang='lat' dir='ltr'><strong>eo,</strong></span> 
     </span>
     <span class='ocr_line' id='line_1_28' title="bbox 297 4159 1845 4256; baseline 0 -21"><span class='ocrx_word' id='word_1_210' title='bbox 297 4167 383 4256; x_wconf 92' lang='lat' dir='ltr'><strong>quod</strong></span> <span class='ocrx_word' id='word_1_211' title='bbox 408 4168 440 4231; x_wconf 90' lang='lat' dir='ltr'><strong>in</strong></span> <span class='ocrx_word' id='word_1_212' title='bbox 468 4168 733 4234; x_wconf 89' lang='lat' dir='ltr'><strong>commentationis</strong></span> <span class='ocrx_word' id='word_1_213' title='bbox 759 4165 819 4233; x_wconf 85' lang='lat' dir='ltr'><strong>line</strong></span> <span class='ocrx_word' id='word_1_214' title='bbox 843 4173 934 4231; x_wconf 89' lang='lat' dir='ltr'><strong>acute</strong></span> <span class='ocrx_word' id='word_1_215' title='bbox 961 4162 1017 4229; x_wconf 89' lang='lat' dir='ltr'><strong>sed</strong></span> <span class='ocrx_word' id='word_1_216' title='bbox 1039 4162 1179 4229; x_wconf 90' lang='lat' dir='ltr'><strong>modeste</strong></span> <span class='ocrx_word' id='word_1_217' title='bbox 1206 4159 1308 4227; x_wconf 87' lang='lat' dir='ltr'><strong>tamen</strong></span> <span class='ocrx_word' id='word_1_218' title='bbox 1333 4163 1372 4228; x_wconf 93' lang='lat' dir='ltr'><strong>de</strong></span> <span class='ocrx_word' id='word_1_219' title='bbox 1399 4162 1534 4249; x_wconf 84' lang='lat' dir='ltr'><strong>siugulis</strong></span> <span class='ocrx_word' id='word_1_220' title='bbox 1563 4162 1686 4231; x_wconf 87' lang='lat' dir='ltr'><strong>cerebri</strong></span> <span class='ocrx_word' id='word_1_221' title='bbox 1713 4168 1845 4254; x_wconf 89' lang='lat' dir='ltr'><strong>piscium</strong></span> 
     </span>
     <span class='ocr_line' id='line_1_29' title="bbox 295 4281 1844 4375; baseline -0.001 -22"><span class='ocrx_word' id='word_1_222' title='bbox 295 4286 435 4375; x_wconf 93' lang='lat' dir='ltr'><strong>partibus</strong></span> <span class='ocrx_word' id='word_1_223' title='bbox 469 4287 512 4351; x_wconf 90' lang='lat' dir='ltr'><strong>ita</strong></span> <span class='ocrx_word' id='word_1_224' title='bbox 537 4285 685 4354; x_wconf 88' lang='lat' dir='ltr'><strong>disseruit</strong></span> <span class='ocrx_word' id='word_1_225' title='bbox 710 4297 739 4353; x_wconf 87' lang='lat' dir='ltr'><strong>et</strong></span> <span class='ocrx_word' id='word_1_226' title='bbox 761 4283 926 4360; x_wconf 86' lang='lat' dir='ltr'><strong>iudicavit,</strong></span> <span class='ocrx_word' id='word_1_227' title='bbox 960 4291 993 4348; x_wconf 91' lang='lat' dir='ltr'><strong>ut</strong></span> <span class='ocrx_word' id='word_1_228' title='bbox 1027 4302 1132 4350; x_wconf 90' lang='lat' dir='ltr'><strong>earum</strong></span> <span class='ocrx_word' id='word_1_229' title='bbox 1159 4291 1269 4347; x_wconf 90' lang='lat' dir='ltr'><strong>natura</strong></span> <span class='ocrx_word' id='word_1_230' title='bbox 1292 4291 1384 4368; x_wconf 91' lang='lat' dir='ltr'><strong>atque</strong></span> <span class='ocrx_word' id='word_1_231' title='bbox 1410 4281 1552 4361; x_wconf 90' lang='lat' dir='ltr'><strong>indoles,</strong></span> <span class='ocrx_word' id='word_1_232' title='bbox 1585 4287 1666 4350; x_wconf 91' lang='lat' dir='ltr'><strong>omui</strong></span> <span class='ocrx_word' id='word_1_233' title='bbox 1692 4285 1761 4353; x_wconf 87' lang='lat' dir='ltr'><strong>iere</strong></span> <span class='ocrx_word' id='word_1_234' title='bbox 1787 4286 1844 4352; x_wconf 92' lang='lat' dir='ltr'><strong>du-</strong></span> 
     </span>
     <span class='ocr_line' id='line_1_30' title="bbox 278 4399 1846 4490; baseline 0.001 -23"><span class='ocrx_word' id='word_1_235' title='bbox 278 4402 445 4474; x_wconf 78' lang='lat' dir='ltr'><strong>bitatione</strong></span> <span class='ocrx_word' id='word_1_236' title='bbox 462 4404 619 4483; x_wconf 70' lang='lat' dir='ltr'><strong>sublata,</strong></span> <span class='ocrx_word' id='word_1_237' title='bbox 659 4403 836 4471; x_wconf 84' lang='lat' dir='ltr'><strong>luculenter</strong></span> <span class='ocrx_word' id='word_1_238' title='bbox 867 4412 973 4490; x_wconf 88' lang='lat' dir='ltr'><strong>patere</strong></span> <span class='ocrx_word' id='word_1_239' title='bbox 991 4401 1152 4469; x_wconf 85' lang='lat' dir='ltr'><strong>¹videatur.</strong></span> <span class='ocrx_word' id='word_1_240' title='bbox 1207 4399 1314 4489; x_wconf 88' lang='lat' dir='ltr'><strong>ltaque</strong></span> <span class='ocrx_word' id='word_1_241' title='bbox 1343 4406 1576 4481; x_wconf 88' lang='lat' dir='ltr'><strong>commentatio,</strong></span> <span class='ocrx_word' id='word_1_242' title='bbox 1612 4406 1702 4470; x_wconf 86' lang='lat' dir='ltr'><strong>ouius</strong></span> <span class='ocrx_word' id='word_1_243' title='bbox 1737 4413 1846 4471; x_wconf 90' lang='lat' dir='ltr'><strong>auctor</strong></span> 
     </span>
     <span class='ocr_line' id='line_1_31' title="bbox 292 4520 1844 4611; baseline 0.001 -25"><span class='ocrx_word' id='word_1_244' title='bbox 292 4524 415 4608; x_wconf 74' lang='lat' dir='ltr'><strong>insigni</strong></span> <span class='ocrx_word' id='word_1_245' title='bbox 439 4524 609 4606; x_wconf 81' lang='lat' dir='ltr'><strong>litterarum</strong></span> <span class='ocrx_word' id='word_1_246' title='bbox 634 4523 725 4611; x_wconf 84' lang='lat' dir='ltr'><strong>copia</strong></span> <span class='ocrx_word' id='word_1_247' title='bbox 754 4532 785 4588; x_wconf 84' lang='lat' dir='ltr'><strong>et</strong></span> <span class='ocrx_word' id='word_1_248' title='bbox 815 4523 934 4606; x_wconf 83' lang='lat' dir='ltr'><strong>ingenii</strong></span> <span class='ocrx_word' id='word_1_249' title='bbox 963 4520 1104 4588; x_wconf 89' lang='lat' dir='ltr'><strong>ubertate</strong></span> <span class='ocrx_word' id='word_1_250' title='bbox 1129 4521 1223 4588; x_wconf 87' lang='lat' dir='ltr'><strong>talem</strong></span> <span class='ocrx_word' id='word_1_251' title='bbox 1252 4541 1290 4586; x_wconf 85' lang='lat' dir='ltr'><strong>se</strong></span> <span class='ocrx_word' id='word_1_252' title='bbox 1321 4524 1493 4608; x_wconf 85' lang='lat' dir='ltr'><strong>praestitit,</strong></span> <span class='ocrx_word' id='word_1_253' title='bbox 1533 4533 1566 4590; x_wconf 92' lang='lat' dir='ltr'><strong>ut</strong></span> <span class='ocrx_word' id='word_1_254' title='bbox 1599 4524 1709 4591; x_wconf 75' lang='lat' dir='ltr'><strong>maium</strong></span> <span class='ocrx_word' id='word_1_255' title='bbox 1744 4522 1844 4587; x_wconf 83' lang='lat' dir='ltr'><strong>cuiuis</strong></span> 
     </span>
     <span class='ocr_line' id='line_1_32' title="bbox 298 4639 1844 4732; baseline 0.001 -25"><span class='ocrx_word' id='word_1_256' title='bbox 298 4639 399 4707; x_wconf 85' lang='lat' dir='ltr'><strong>labori</strong></span> <span class='ocrx_word' id='word_1_257' title='bbox 425 4644 456 4707; x_wconf 91' lang='lat' dir='ltr'><strong>in</strong></span> <span class='ocrx_word' id='word_1_258' title='bbox 484 4643 643 4726; x_wconf 81' lang='lat' dir='ltr'><strong>doctrinae</strong></span> <span class='ocrx_word' id='word_1_259' title='bbox 670 4641 863 4711; x_wconf 80' lang='lat' dir='ltr'><strong>commodum</strong></span> <span class='ocrx_word' id='word_1_260' title='bbox 891 4639 1001 4708; x_wconf 81' lang='lat' dir='ltr'><strong>dehinc</strong></span> <span class='ocrx_word' id='word_1_261' title='bbox 1023 4640 1227 4730; x_wconf 41' lang='lat' dir='ltr'><strong>‚susmpieudo</strong></span> <span class='ocrx_word' id='word_1_262' title='bbox 1253 4659 1310 4729; x_wconf 89' lang='lat' dir='ltr'><strong>pur</strong></span> <span class='ocrx_word' id='word_1_263' title='bbox 1333 4641 1441 4710; x_wconf 84' lang='lat' dir='ltr'><strong>haberi</strong></span> <span class='ocrx_word' id='word_1_264' title='bbox 1466 4645 1580 4732; x_wconf 91' lang='lat' dir='ltr'><strong>possit,</strong></span> <span class='ocrx_word' id='word_1_265' title='bbox 1609 4661 1727 4710; x_wconf 91' lang='lat' dir='ltr'><strong>summo</strong></span> <span class='ocrx_word' id='word_1_266' title='bbox 1753 4661 1844 4731; x_wconf 88' lang='lat' dir='ltr'><strong>prae-</strong></span> 
     </span>
     <span class='ocr_line' id='line_1_33' title="bbox 296 4759 1006 4843; baseline 0.006 -17"><span class='ocrx_word' id='word_1_267' title='bbox 296 4761 357 4828; x_wconf 86' lang='lat' dir='ltr'><strong>mio</strong></span> <span class='ocrx_word' id='word_1_268' title='bbox 383 4759 480 4843; x_wconf 81' lang='lat' dir='ltr'><strong>digna</strong></span> <span class='ocrx_word' id='word_1_269' title='bbox 499 4762 666 4830; x_wconf 80' lang='lat' dir='ltr'><strong>iudicanda</strong></span> <span class='ocrx_word' id='word_1_270' title='bbox 692 4772 748 4830; x_wconf 88' lang='lat' dir='ltr'><strong>est.</strong></span> <span class='ocrx_word' id='word_1_271' title='bbox 1002 4765 1006 4772; x_wconf 85' lang='grc'><strong>’</strong></span> 
     </span>
    </p>
   </div>
   <div class='ocr_carea' id='block_1_10' title="bbox 0 0 2080 5642">
    <p class='ocr_par' dir='ltr' id='par_1_12' title="bbox 0 0 2080 5642">
     <span class='ocr_line' id='line_1_34' title="bbox 0 0 2080 5642; baseline 0 0"><span class='ocrx_word' id='word_1_272' title='bbox 0 0 2080 5642; x_wconf 95' lang='lat' dir='ltr'><strong> </strong></span> 
     </span>
    </p>
   </div>
  </div>
 </body>
</html>
